1926 3016
150 134 222 203 ,272
352 129 742 186 l‘.cv11)uNA80le

111 242 161 307 47⁰
170 239 207 290 Et
217 242 257 298 te,
268 236 365 297 Caeni,
377 232 483 289 sesami
495 248 561 287 nem
571 239 603 289 tu
613 234 679 287 milri
691 235 799 288 femina
809 251 916 306 serum

170 308 215 358 Tu
226 304 291 356 mihi
305 306 404 357 Caenis
412 306 482 356 crist
497 320 549 357 nec
557 311 587 358 te
597 304 700 357 naulis
711 306 795 374 urigo

82 388 86 399 ·
171 372 355 427 coniminuiti
367 378 544 440 mentemque
553 373 637 437 subit,
647 388 703 442 quc
713 378 844 443 praemia
853 375 925 439 factu,

171 444 348 511 Quaqueviri
358 442 459 494 falsam
469 443 590 508 speciem
600 444 729 496 mercede
739 444 867 512 wamel

170 513 225 567 Vel
236 513 302 581 quid
312 517 378 564 nata
386 512 462 574 ride,
473 510 516 562 rel
527 509 595 578 quid
603 511 641 561 sis
649 527 747 576 nassa:
763 514 913 583 celumque,

111 585 198 653 4751,
209 597 276 648 rape
287 596 349 634 cum
360 579 491 643 calathis,
498 586 530 631 et
539 580 661 631 stamina
669 582 774 647 pollice
782 590 894 652 terque:

171 652 253 704 Bella
261 651 388 718 relinque
399 651 482 701 viris,
494 650 612 704 laetanti
621 648 692 701 talia
702 651 830 705 &cneus
897 680 901 685 ·

172 723 323 773 Extentum
334 735 416 771 cursu
426 719 510 770 missa
521 717 595 769 lalus
607 720 681 770 eruit
690 717 781 783 basta,

172 790 287 853 Quarir
332 803 367 839 uo
378 790 621 840 eunrmissuserat.
640 787 724 840 Furit
733 789 784 842 ills
793 789 900 843 delores

104 882 107 889 ·
171 858 308 928 Nudaque
342 857 429 926 lryllei
439 858 545 910 iuvenis
555 856 623 910 ferit
633 859 806 912 orasse-issa

113 926 926 998 480Ncnsecusbaeeresibtquamteetiautlninegrandcr
950 930 956 975 l

171 999 228 1049 dut
236 999 259 1047 si
271 999 332 1064 quis
342 1011 427 1063 parre
438 996 521 1048 feriat
532 1010 599 1048 cara
608 1001 744 1065 tympana
753 1012 834 1051 saxu.

174 1068 303 1118 Cominus
314 1067 488 1136 aggreditur,
499 1066 581 1118 lateri
600 1081 636 1119 ue
645 1067 800 1121 recondere
810 1068 879 1121 durs
952 1084 960 1111 ·‘

173 1135 454 1204 Luctaturgladium.
475 1082 758 1203 Gladio‘iucspervia
766 1141 902 1189 nonime

173 1205 257 1257 Haud
267 1213 360 1257 tamen
373 1204 501 1275 effugies:
516 1206 608 1257 medic
619 1206 793 1274 iugulaberis
803 1222 881 1260 enses

114 1276 164 1330 485
175 1276 405 1345 Quandoquidem
415 1290 512 1328 mucre
522 1281 565 1327 est
576 1273 673 1339 hebes,
681 1276 789 1346 inquit3
802 1282 832 1331 et
840 1276 869 1327 in

528 1345 707 1396 larissensem

175 1413 320 1482 Obliquat,
330 1414 470 1482 longaque
482 1413 663 1481 amplectitur
671 1413 722 1465 ilia
731 1414 843 1468 dextre.

174 1481 262 1550 Plaga
272 1483 339 1533 facit
347 1485 481 1550 gemitus,
492 1498 543 1535 ceu
554 1496 671 1551 corpore
679 1487 829 1537 marruci-is
845 1484 905 1536 ictis

175 1550 330 1618 Fractaque
340 1552 461 1602 dissiluit
470 1567 603 1619 percusso
614 1552 719 1604 lamina
729 1553 814 1607 collo.
958 1548 961 1553 ’

175 1621 214 1672 Vt
224 1623 292 1671 satis
303 1621 415 1673 illaesus
426 1623 538 1673 miranti
548 1623 676 1689 praebuit
685 1629 779 1687 artus3

7 1741 13 1755 ⁴
116 1689 164 1759 490
174 1689 254 1741 Nunc
263 1706 328 1758 age,
339 1693 379 1743 ait
390 1692 527 1755 Caeneus,
538 1697 634 1743 nostro
645 1697 696 1742 tua
705 1707 827 1760 corpora
836 1691 907 1744 ferro

176 1761 341 1823 Tentemus3
358 1762 514 1829 capuloque
524 1767 604 1813 tenus
616 1761 728 1814 demisit
736 1764 766 1813 in
776 1776 869 1814 armos

175 1831 277 1881 Ensem
290 1829 444 1894 fatiferum,
456 1846 622 1899 caecamque
632 1832 660 1882 in
671 1832 779 1884 viscera
789 1833 881 1892 morit,

175 1898 358 1968 Versuvitque
369 1914 495 1963 manum,
506 1901 660 1968 vulnusque
670 1902 698 1951 in
709 1902 828 1953 vulnere
838 1900 906 1953 fecit.

174 1969 246 2020 Ecce
256 1975 342 2020 ruunt
352 1975 430 2021 rastc
442 1969 532 2021 rabidi
543 1970 664 2021 clamore
675 1971 852 2032 bimembres,

115 2035 165 2104 495
175 2037 300 2106 Telaque
315 2040 343 2090 in
357 2038 430 2090 hunc
444 2055 539 2092 omnes
554 2054 638 2089 unum
654 2039 838 2108 mittuntque,
852 2039 889 2091 fe·

590 2114 656 2159 runt
674 2124 717 2160 ue.

176 2177 247 2227 'sela
257 2183 352 2229 retusa
363 2178 478 2240 cadunt3
494 2182 589 2229 manet
600 2125 784 2244 impgriossus
793 2179 830 2233 ab
840 2177 917 2237 omni,

176 2246 263 2313 inque
273 2254 434 2299 cruentatus
446 2249 570 2300 Caeneus
579 2248 704 2299 Elateius
715 2249 782 2300 ictu.

178 2313 296 2367 Fecerat
305 2318 439 2368 attordtcs
449 2316 521 2369 'nova
532 2314 589 2367 red.
605 2319 668 2369 ileu
680 2318 803 2370 dedecus
813 2320 917 2386 ingens·

178 2383 335 2451 Monychus
346 2386 497 2438 exclamat:
515 2387 634 2454 pupulus
644 2401 810 2454 superamur
820 2389 854 2440 ab
862 2399 922 2446 uno,

119 2453 168 2502 500
179 2451 288 2521 Vixque
302 2456 376 2508 viror
394 2471 558 2525 quamquem
569 2457 616 2509 ille
627 2459 670 2541 vir
681 2464 735 2510 est:
749 2471 803 2508 rios
812 2457 935 2525 segnibus

179 2591 258 2651 erod
274 2594 326 2643 suit
342 2596 403 2659 iile,
419 2611 521 2648 sumus.
544 2533 757 2714 Quidctrlriemthra
770 2597 903 2649 immania

592 2680 696 2733 prosun
729 2712 737 2720 ,
