1926 3016
103 145 522 202 METAMORPHOSEON
541 150 619 206 Lm.
636 154 706 207 Xll.
742 155 791 210 201

46 250 186 301 litabatur
195 249 281 311 enirn,
290 262 346 300 non
357 248 439 314 huee,
449 266 531 320 quern
544 255 645 319 cernis,
655 256 763 326 equinis

45 320 117 371 'ulva
125 319 199 369 iubis
209 321 302 381 cessis,
312 335 402 387 neque
410 327 788 388 onusearepurnresinistrae

45 388 139 447 uxiliu
150 385 218 438 mihi
227 393 305 439 sunt:
322 388 407 440 decor
417 395 460 443 est
469 393 611 457 quaesitus
622 393 736 445 abistis.
800 411 832 460 qo

45 459 105 510 lun-s
116 470 226 526 queque
236 457 271 509 ob
282 455 336 509 hoe
345 473 443 525 capere
453 474 530 510 arma
540 460 622 512 solet.
641 463 771 515 Remove-

444 528 520 580 bitur
530 543 611 581 omne

45 596 172 664 fegminis
184 594 318 660 officium
332 602 424 650 mnien
435 597 614 649 indestrictus
625 599 715 652 abibo.

45 667 78 715 :st
86 664 208 733 aliquid,
218 679 273 716 non
285 680 344 717 esse
354 671 446 716 satum
456 665 589 730 Nereide,
600 669 649 719 sed
661 669 707 736 qui

45 734 188 800 lereaque,
198 738 228 784 et
237 739 331 797 natas,
342 741 371 786 et
380 741 469 786 totum
480 742 618 803 temperet
661 751 739 805 quor.

45 804 123 853 lixit:
139 807 168 854 et
178 801 327 854 haesurum
339 804 431 870 clypei
443 807 602 857 curvamine
612 811 642 858 te
653 822 698 858 urn
801 809 833 873 05

45 873 112 922 lisit
120 873 150 922 in
158 871 307 934 Aeaciden,
318 872 392 939 quod
402 878 432 924 et
441 886 500 936 ees,
512 880 541 926 et
553 875 680 940 proxime
690 875 766 941 rupit

45 944 125 1007 forge
135 953 243 992 novena
251 941 344 1004 boum,
356 941 789 998 decimotsmenerbenioratunr.

45 1008 208 1062 lxeutitbos
217 1008 312 1074 heros,
322 1015 474 1080 rursusque
485 1015 634 1064 trementia
645 1013 714 1065 ferti

45 1079 105 1132 Tele
112 1093 196 1131 manu
206 1080 300 1131 torsit:
315 1096 413 1132 rursus
423 1082 483 1132 sine
492 1082 608 1134 vulnere
618 1097 727 1148 eorpus,

45 1152 231 1216 iiueerumque
242 1149 306 1213 fuit,
316 1165 367 1202 nec
377 1151 464 1201 tertie
473 1152 565 1215 cuspis
575 1156 713 1216 apertum,
808 1165 853 1198 reo

45 1220 66 1270 lt
75 1233 108 1270 se
117 1219 298 1285 praebentem
307 1219 397 1270 valuit
406 1217 578 1286 destringere
590 1220 724 1285 Cygnum.

45 1287 116 1339 laud
126 1302 206 1341 secus
217 1291 334 1350 exarsit,
344 1303 427 1370 quem
439 1289 520 1338 (lires
530 1293 627 1337 taurus
639 1291 745 1354 apertu,

45 1359 103 1410 ium
112 1372 163 1409 suu
171 1358 293 1409 terribili
303 1363 373 1423 petit
382 1359 539 1408 irritamina
549 1371 645 1419 eornu,

45 1427 167 1478 ’nnicees
175 1431 281 1489 restes,
291 1427 425 1494 elusaque
434 1426 550 1476 vulnera
558 1426 651 1476 sentit.

45 1496 106 1548 ium
116 1501 210 1548 tenen
221 1497 357 1548 exciderit
367 1495 486 1559 serrum,
497 1495 668 1557 consideret,
680 1492 788 1546 bastae:
809 1494 855 1543 105

45 1566 177 1618 {serebat
187 1566 271 1634 ligno.
293 1567 395 1618 Munus
405 1571 449 1617 est
458 1580 520 1618 mea
531 1564 630 1617 debilis
641 1579 722 1632 ergo;

45 1638 177 1704 tuasque,
188 1638 240 1698 ait,
252 1642 316 1688 ante
326 1635 423 1686 hebuit
432 1637 519 1699 vires,
530 1633 629 1686 effudit
638 1635 667 1685 in
677 1648 742 1684 unu.

45 1705 105 1758 lam
116 1711 192 1756 certe
202 1704 303 1767 valuit,
313 1705 358 1756 vel
369 1720 431 1756 euni
440 1705 579 1770 Lyrnesia
589 1704 695 1770 primus

45 1775 149 1826 boonis
160 1775 271 1836 disieei3
287 1775 331 1825 vel
343 1789 404 1824 curn
415 1774 604 1839 Tenedonque
615 1787 721 1840 suoque

45 1840 583 1916 iitionessimplevisenguineThebes3
810 1855 856 1888 ιιι)

45 1913 56 1964 i
57 1913 87 1966 el
96 1927 159 1964 euni
169 1927 326 1978 purpureus
336 1911 466 1978 populari
477 1910 563 1962 caede
574 1911 682 1976 Caycus

45 1983 143 2044 iluxit,
155 1996 277 2048 opusque
288 1997 366 2033 meae
377 1981 419 2031 bis
429 1981 516 2030 sensit
525 1977 666 2043 Telephus
676 1975 781 2027 bastae.

45 2053 89 2104 lic
99 2065 213 2120 quoque
223 2048 267 2102 tet
276 2053 377 2112 caesis,
389 2063 507 2117 quorum
517 2061 567 2113 per
578 2047 657 2099 littus
668 2057 783 2098 acervos

45 2124 71 2173 it
82 2119 149 2183 feci,
160 2125 202 2182 et,
211 2119 306 2183 rideo,
315 2119 404 2170 veluit
414 2131 477 2168 mea
487 2117 599 2177 dextra,
609 2115 750 2182 valetquee

45 2191 128 2240 lixit:
143 2192 185 2251 et,
194 2194 260 2239 ente
270 2191 340 2239 actis
350 2186 438 2239 veluti
448 2187 521 2237 male
532 2185 672 2245 erederet,
682 2181 790 2234 hastam
812 2179 858 2231 115
875 2222 876 2225 ,

45 2260 115 2310 tlisit
123 2261 151 2308 in
162 2257 309 2309 adversum
320 2257 407 2325 Lycia
417 2256 451 2308 de
462 2256 544 2322 plebe
554 2255 718 2306 Menoeten:

45 2328 222 2395 'loricamque
232 2325 328 2388 simul,
338 2326 519 2392 subiectaque
529 2327 645 2391 pectora
653 2321 737 2389 rupit.

45 2398 99 2460 luo
109 2397 260 2464 plangente
270 2410 382 2462 gravem
392 2394 558 2446 moribundo
568 2393 673 2444 vertice
682 2395 785 2444 terreni

45 2464 169 2518 §xtrebit
178 2465 249 2517 iliud
257 2466 331 2517 idern
342 2464 434 2516 calido
446 2464 481 2515 ‹le
491 2463 606 2513 vulnere
617 2461 713 2524 telum,

45 2538 127 2604 itque
138 2538 193 2600 eit3
208 2535 290 2589 Heee
298 2549 398 2587 munus
407 2538 461 2595 est,
472 2531 556 2650 beeclq
565 2545 620 2598 qua
630 2530 712 2583 niodo
723 2529 787 2580 viei-
815 2541 860 2588 12⁰

453 2616 527 2662 mus,
552 2604 626 2661 este.

45 2673 109 2727 Vtar
118 2673 148 2730 in
158 2671 232 2725 bunc
241 2672 344 2727 isdem:
359 2673 432 2724 sitin
444 2670 497 2722 hoe
507 2682 606 2738 precer
616 2668 706 2720 exitus
716 2663 797 2716 idem.
874 2715 876 2719 .
