<?xml version="1.0" encoding="UTF-8"?>
<!DOCTYPE html PUBLIC "-//W3C//DTD XHTML 1.0 Transitional//EN"
    "http://www.w3.org/TR/xhtml1/DTD/xhtml1-transitional.dtd">
<html xmlns="http://www.w3.org/1999/xhtml" xml:lang="en" lang="en">
 <head>
  <title>
</title>
<meta http-equiv="Content-Type" content="text/html;charset=utf-8" />
  <meta name='ocr-system' content='tesseract 3.04.00' />
  <meta name='ocr-capabilities' content='ocr_page ocr_carea ocr_par ocr_line ocrx_word'/>
</head>
<body>
  <div class='ocr_page' id='page_1' title='image "./povidiinasonisq01ovidgoog_0345.png"; bbox 0 0 1926 3016; ppageno 0'>
   <div class='ocr_carea' id='block_1_1' title="bbox 125 129 929 199">
    <p class='ocr_par' dir='ltr' id='par_1_1' title="bbox 125 129 929 199">
     <span class='ocr_line' id='line_1_1' title="bbox 125 129 929 199; baseline -0.007 -8"><span class='ocrx_word' id='word_1_1' title='bbox 125 132 179 191; x_wconf 76' lang='lat' dir='ltr'><strong>til</strong></span> <span class='ocrx_word' id='word_1_2' title='bbox 314 130 345 185; x_wconf 83' lang='grc' dir='ltr'><strong>Ρ.</strong></span> <span class='ocrx_word' id='word_1_3' title='bbox 362 131 504 186; x_wconf 79' lang='lat' dir='ltr'><strong>ovum</strong></span> <span class='ocrx_word' id='word_1_4' title='bbox 520 129 700 189; x_wconf 70' lang='lat' dir='ltr'><strong>ussoitts</strong></span> <span class='ocrx_word' id='word_1_5' title='bbox 916 144 929 199; x_wconf 73' lang='lat' dir='ltr'><strong>&#39;q</strong></span> 
     </span>
    </p>
   </div>
   <div class='ocr_carea' id='block_1_2' title="bbox 38 231 963 2650">
    <p class='ocr_par' dir='ltr' id='par_1_2' title="bbox 50 231 837 312">
     <span class='ocr_line' id='line_1_2' title="bbox 50 231 837 312; baseline 0.003 -24"><span class='ocrx_word' id='word_1_6' title='bbox 50 281 67 312; x_wconf 45' lang='lat'><em>7</em></span> <span class='ocrx_word' id='word_1_7' title='bbox 125 238 209 290; x_wconf 81' lang='lat' dir='ltr'><strong>victe</strong></span> <span class='ocrx_word' id='word_1_8' title='bbox 218 238 316 303; x_wconf 81' lang='lat' dir='ltr'><strong>petent</strong></span> <span class='ocrx_word' id='word_1_9' title='bbox 324 236 464 287; x_wconf 72' lang='lat' dir='ltr'><strong>Mutinae:</strong></span> <span class='ocrx_word' id='word_1_10' title='bbox 480 231 737 289; x_wconf 83' lang='lat' dir='ltr'><strong>Phssssliussntiet</strong></span> <span class='ocrx_word' id='word_1_11' title='bbox 745 236 837 304; x_wconf 87' lang='lat' dir='ltr'><strong>illum,</strong></span> 
     </span>
    </p>

    <p class='ocr_par' dir='ltr' id='par_1_3' title="bbox 38 302 820 374">
     <span class='ocr_line' id='line_1_3' title="bbox 38 302 820 374; baseline -0.001 -15"><span class='ocrx_word' id='word_1_12' title='bbox 38 313 53 340; x_wconf 66' lang='lat'><em>³</em></span> <span class='ocrx_word' id='word_1_13' title='bbox 125 304 310 373; x_wconf 69' lang='lat' dir='ltr'><strong>Emathisque</strong></span> <span class='ocrx_word' id='word_1_14' title='bbox 319 306 422 357; x_wconf 79' lang='lat' dir='ltr'><strong>iterum</strong></span> <span class='ocrx_word' id='word_1_15' title='bbox 430 302 580 356; x_wconf 82' lang='lat' dir='ltr'><strong>medssooti</strong></span> <span class='ocrx_word' id='word_1_16' title='bbox 589 304 674 358; x_wconf 76' lang='lat' dir='ltr'><strong>coede</strong></span> <span class='ocrx_word' id='word_1_17' title='bbox 683 305 820 374; x_wconf 78' lang='lat' dir='ltr'><strong>Philippis</strong></span> 
     </span>
    </p>

    <p class='ocr_par' dir='ltr' id='par_1_4' title="bbox 64 372 924 718">
     <span class='ocr_line' id='line_1_4' title="bbox 64 372 812 441; baseline 0 -13"><span class='ocrx_word' id='word_1_18' title='bbox 64 376 115 431; x_wconf 80' lang='lat'><strong>825</strong></span> <span class='ocrx_word' id='word_1_19' title='bbox 125 376 163 427; x_wconf 86' lang='lat' dir='ltr'><strong>Et</strong></span> <span class='ocrx_word' id='word_1_20' title='bbox 172 388 303 441; x_wconf 76' lang='lat' dir='ltr'><strong>magnum</strong></span> <span class='ocrx_word' id='word_1_21' title='bbox 312 372 412 427; x_wconf 86' lang='lat' dir='ltr'><strong>Siculis</strong></span> <span class='ocrx_word' id='word_1_22' title='bbox 421 386 522 427; x_wconf 84' lang='lat' dir='ltr'><strong>nomen</strong></span> <span class='ocrx_word' id='word_1_23' title='bbox 530 374 707 440; x_wconf 68' lang='lat' dir='ltr'><strong>superabitur</strong></span> <span class='ocrx_word' id='word_1_24' title='bbox 715 377 812 428; x_wconf 80' lang='lat' dir='ltr'><strong>undis=</strong></span> 
     </span>
     <span class='ocr_line' id='line_1_5' title="bbox 125 442 918 513; baseline 0.003 -18"><span class='ocrx_word' id='word_1_25' title='bbox 125 444 297 513; x_wconf 71' lang='lat' dir='ltr'><strong>Romanique</strong></span> <span class='ocrx_word' id='word_1_26' title='bbox 307 442 384 495; x_wconf 79' lang='lat' dir='ltr'><strong>uncis</strong></span> <span class='ocrx_word' id='word_1_27' title='bbox 394 442 656 509; x_wconf 58' lang='lat' dir='ltr'><strong>concutiemus,</strong></span> <span class='ocrx_word' id='word_1_28' title='bbox 666 444 767 497; x_wconf 71' lang='lat' dir='ltr'><strong>taedae</strong></span> <span class='ocrx_word' id='word_1_29' title='bbox 914 456 918 481; x_wconf 81' lang='lat'>³</span> 
     </span>
     <span class='ocr_line' id='line_1_6' title="bbox 125 489 924 587; baseline 0.004 -23"><span class='ocrx_word' id='word_1_30' title='bbox 125 512 188 565; x_wconf 86' lang='lat' dir='ltr'><strong>Non</strong></span> <span class='ocrx_word' id='word_1_31' title='bbox 198 510 449 575; x_wconf 77' lang='lat' dir='ltr'><strong>beneflsu,oedet=</strong></span> <span class='ocrx_word' id='word_1_32' title='bbox 465 510 623 580; x_wconf 73' lang='lat' dir='ltr'><strong>frustraque</strong></span> <span class='ocrx_word' id='word_1_33' title='bbox 634 514 689 563; x_wconf 83' lang='lat' dir='ltr'><strong>erit</strong></span> <span class='ocrx_word' id='word_1_34' title='bbox 699 512 751 567; x_wconf 81' lang='lat' dir='ltr'><strong>ills</strong></span> <span class='ocrx_word' id='word_1_35' title='bbox 759 514 868 579; x_wconf 79' lang='lat' dir='ltr'><strong>minots,</strong></span> <span class='ocrx_word' id='word_1_36' title='bbox 914 489 924 587; x_wconf 49' lang='lat'><strong>⁵¹</strong></span> 
     </span>
     <span class='ocr_line' id='line_1_7' title="bbox 125 580 923 647; baseline -0.001 -13"><span class='ocrx_word' id='word_1_37' title='bbox 125 580 271 634; x_wconf 75' lang='lat' dir='ltr'><strong>Servitute</strong></span> <span class='ocrx_word' id='word_1_38' title='bbox 280 594 332 632; x_wconf 87' lang='lat' dir='ltr'><strong>suo</strong></span> <span class='ocrx_word' id='word_1_39' title='bbox 342 580 482 647; x_wconf 71' lang='lat' dir='ltr'><strong>capitolio</strong></span> <span class='ocrx_word' id='word_1_40' title='bbox 490 586 588 631; x_wconf 81' lang='lat' dir='ltr'><strong>nostre</strong></span> <span class='ocrx_word' id='word_1_41' title='bbox 597 581 719 647; x_wconf 77' lang='lat' dir='ltr'><strong>Canopo.</strong></span> <span class='ocrx_word' id='word_1_42' title='bbox 800 608 803 613; x_wconf 92' lang='lat'>·</span> <span class='ocrx_word' id='word_1_43' title='bbox 915 588 923 619; x_wconf 90' lang='lat'><strong>&#39;·</strong></span> 
     </span>
     <span class='ocr_line' id='line_1_8' title="bbox 125 650 858 718; baseline 0.003 -17"><span class='ocrx_word' id='word_1_44' title='bbox 125 650 198 713; x_wconf 73' lang='lat' dir='ltr'><strong>Qum</strong></span> <span class='ocrx_word' id='word_1_45' title='bbox 209 650 261 702; x_wconf 89' lang='lat' dir='ltr'><strong>tibi</strong></span> <span class='ocrx_word' id='word_1_46' title='bbox 270 650 446 711; x_wconf 81' lang='lat' dir='ltr'><strong>Burbusiem,</strong></span> <span class='ocrx_word' id='word_1_47' title='bbox 456 653 554 716; x_wconf 83' lang='lat' dir='ltr'><strong>gentes</strong></span> <span class='ocrx_word' id='word_1_48' title='bbox 564 650 598 701; x_wconf 82' lang='lat' dir='ltr'><strong>eb</strong></span> <span class='ocrx_word' id='word_1_49' title='bbox 609 655 729 718; x_wconf 76' lang='lat' dir='ltr'><strong>utroque</strong></span> <span class='ocrx_word' id='word_1_50' title='bbox 739 653 858 711; x_wconf 75' lang='lat' dir='ltr'><strong>lucentes</strong></span> 
     </span>
    </p>

    <p class='ocr_par' dir='ltr' id='par_1_5' title="bbox 64 716 963 1064">
     <span class='ocr_line' id='line_1_9' title="bbox 64 716 870 787; baseline 0.009 -20"><span class='ocrx_word' id='word_1_51' title='bbox 64 718 115 775; x_wconf 77' lang='lat'><strong>830</strong></span> <span class='ocrx_word' id='word_1_52' title='bbox 126 721 253 782; x_wconf 76' lang='lat' dir='ltr'><strong>Oceano,</strong></span> <span class='ocrx_word' id='word_1_53' title='bbox 263 716 423 771; x_wconf 76' lang='lat' dir='ltr'><strong>numen-cml</strong></span> <span class='ocrx_word' id='word_1_54' title='bbox 437 718 618 787; x_wconf 77' lang='lat' dir='ltr'><strong>quotcunque</strong></span> <span class='ocrx_word' id='word_1_55' title='bbox 628 717 782 773; x_wconf 73' lang='lat' dir='ltr'><strong>habitabile</strong></span> <span class='ocrx_word' id='word_1_56' title='bbox 791 721 870 774; x_wconf 87' lang='lat' dir='ltr'><strong>tellus</strong></span> 
     </span>
     <span class='ocr_line' id='line_1_10' title="bbox 125 762 963 858; baseline 0.005 -19"><span class='ocrx_word' id='word_1_57' title='bbox 125 787 263 850; x_wconf 89' lang='lat' dir='ltr'><strong>Sustinet,</strong></span> <span class='ocrx_word' id='word_1_58' title='bbox 274 785 356 839; x_wconf 83' lang='lat' dir='ltr'><strong>liuius</strong></span> <span class='ocrx_word' id='word_1_59' title='bbox 366 788 432 840; x_wconf 72' lang='lat' dir='ltr'><strong>erite</strong></span> <span class='ocrx_word' id='word_1_60' title='bbox 447 792 547 854; x_wconf 86' lang='lat' dir='ltr'><strong>pontus</strong></span> <span class='ocrx_word' id='word_1_61' title='bbox 557 802 667 856; x_wconf 80' lang='lat' dir='ltr'><strong>quoque</strong></span> <span class='ocrx_word' id='word_1_62' title='bbox 676 790 838 843; x_wconf 78' lang='lat' dir='ltr'><strong>servietilli.</strong></span> <span class='ocrx_word' id='word_1_63' title='bbox 914 762 926 809; x_wconf 46' lang='grc' dir='ltr'><strong>ι</strong></span> <span class='ocrx_word' id='word_1_64' title='bbox 961 823 963 858; x_wconf 55' lang='lat'><strong>9</strong></span> 
     </span>
     <span class='ocr_line' id='line_1_11' title="bbox 125 854 759 918; baseline 0 -10"><span class='ocrx_word' id='word_1_65' title='bbox 125 854 197 909; x_wconf 76' lang='lat' dir='ltr'><strong>Pisce</strong></span> <span class='ocrx_word' id='word_1_66' title='bbox 206 856 272 909; x_wconf 81' lang='lat' dir='ltr'><strong>dots</strong></span> <span class='ocrx_word' id='word_1_67' title='bbox 281 858 378 918; x_wconf 82' lang='lat' dir='ltr'><strong>terris,</strong></span> <span class='ocrx_word' id='word_1_68' title='bbox 388 857 510 907; x_wconf 76' lang='lat' dir='ltr'><strong>animum</strong></span> <span class='ocrx_word' id='word_1_69' title='bbox 520 856 556 908; x_wconf 81' lang='lat' dir='ltr'><strong>ed</strong></span> <span class='ocrx_word' id='word_1_70' title='bbox 566 858 658 909; x_wconf 76' lang='lat' dir='ltr'><strong>civilis</strong></span> <span class='ocrx_word' id='word_1_71' title='bbox 666 863 759 911; x_wconf 83' lang='lat' dir='ltr'><strong>vestet</strong></span> 
     </span>
     <span class='ocr_line' id='line_1_12' title="bbox 126 924 814 993; baseline 0.006 -18"><span class='ocrx_word' id='word_1_72' title='bbox 126 924 192 976; x_wconf 82' lang='lat' dir='ltr'><strong>lure</strong></span> <span class='ocrx_word' id='word_1_73' title='bbox 201 939 295 988; x_wconf 88' lang='lat' dir='ltr'><strong>suum,</strong></span> <span class='ocrx_word' id='word_1_74' title='bbox 304 925 435 993; x_wconf 76' lang='lat' dir='ltr'>legesque</span> <span class='ocrx_word' id='word_1_75' title='bbox 446 924 519 978; x_wconf 82' lang='lat' dir='ltr'><strong>feret</strong></span> <span class='ocrx_word' id='word_1_76' title='bbox 528 927 695 977; x_wconf 88' lang='lat' dir='ltr'><strong>iustissimus</strong></span> <span class='ocrx_word' id='word_1_77' title='bbox 703 935 814 981; x_wconf 77' lang='lat' dir='ltr'><strong>euotors</strong></span> 
     </span>
     <span class='ocr_line' id='line_1_13' title="bbox 124 994 776 1064; baseline 0.002 -18"><span class='ocrx_word' id='word_1_78' title='bbox 124 994 315 1062; x_wconf 76' lang='lat' dir='ltr'><strong>Exemploque</strong></span> <span class='ocrx_word' id='word_1_79' title='bbox 325 1009 375 1045; x_wconf 89' lang='lat' dir='ltr'><strong>suo</strong></span> <span class='ocrx_word' id='word_1_80' title='bbox 386 1008 478 1046; x_wconf 89' lang='lat' dir='ltr'><strong>mores</strong></span> <span class='ocrx_word' id='word_1_81' title='bbox 488 1000 580 1062; x_wconf 82' lang='lat' dir='ltr'><strong>reget,</strong></span> <span class='ocrx_word' id='word_1_82' title='bbox 594 996 677 1064; x_wconf 87' lang='lat' dir='ltr'><strong>inque</strong></span> <span class='ocrx_word' id='word_1_83' title='bbox 688 994 776 1047; x_wconf 75' lang='lat' dir='ltr'><strong>sutum</strong></span> 
     </span>
    </p>

    <p class='ocr_par' dir='ltr' id='par_1_6' title="bbox 64 1064 961 1411">
     <span class='ocr_line' id='line_1_14' title="bbox 64 1064 788 1131; baseline 0 -14"><span class='ocrx_word' id='word_1_84' title='bbox 64 1066 114 1123; x_wconf 80' lang='lat'><strong>835</strong></span> <span class='ocrx_word' id='word_1_85' title='bbox 125 1064 270 1129; x_wconf 86' lang='lat' dir='ltr'><strong>Temporis</strong></span> <span class='ocrx_word' id='word_1_86' title='bbox 281 1069 401 1115; x_wconf 75' lang='lat' dir='ltr'><strong>aetutem</strong></span> <span class='ocrx_word' id='word_1_87' title='bbox 411 1070 647 1131; x_wconf 80' lang='lat' dir='ltr'><strong>venturorumque</strong></span> <span class='ocrx_word' id='word_1_88' title='bbox 656 1070 788 1131; x_wconf 85' lang='lat' dir='ltr'><strong>nepotum</strong></span> 
     </span>
     <span class='ocr_line' id='line_1_15' title="bbox 124 1130 808 1201; baseline 0.003 -18"><span class='ocrx_word' id='word_1_89' title='bbox 124 1130 311 1200; x_wconf 87' lang='lat' dir='ltr'><strong>Prospiciens,</strong></span> <span class='ocrx_word' id='word_1_90' title='bbox 320 1133 427 1201; x_wconf 88' lang='lat' dir='ltr'><strong>prolem</strong></span> <span class='ocrx_word' id='word_1_91' title='bbox 436 1139 534 1185; x_wconf 79' lang='lat' dir='ltr'><strong>saneta</strong></span> <span class='ocrx_word' id='word_1_92' title='bbox 544 1133 579 1185; x_wconf 83' lang='lat' dir='ltr'><strong>de</strong></span> <span class='ocrx_word' id='word_1_93' title='bbox 590 1134 706 1201; x_wconf 74' lang='lat' dir='ltr'><strong>coniuge</strong></span> <span class='ocrx_word' id='word_1_94' title='bbox 715 1140 808 1185; x_wconf 73' lang='lat' dir='ltr'><strong>nemin</strong></span> 
     </span>
     <span class='ocr_line' id='line_1_16' title="bbox 125 1200 851 1271; baseline 0.001 -18"><span class='ocrx_word' id='word_1_95' title='bbox 125 1200 214 1254; x_wconf 80' lang='lat' dir='ltr'><strong>Ferre</strong></span> <span class='ocrx_word' id='word_1_96' title='bbox 224 1202 320 1266; x_wconf 88' lang='lat' dir='ltr'><strong>simul,</strong></span> <span class='ocrx_word' id='word_1_97' title='bbox 330 1218 485 1271; x_wconf 81' lang='lat' dir='ltr'><strong>nomenque</strong></span> <span class='ocrx_word' id='word_1_98' title='bbox 495 1217 588 1265; x_wconf 82' lang='lat' dir='ltr'><strong>suum,</strong></span> <span class='ocrx_word' id='word_1_99' title='bbox 599 1216 731 1271; x_wconf 81' lang='lat' dir='ltr'><strong>curuoque</strong></span> <span class='ocrx_word' id='word_1_100' title='bbox 740 1202 851 1255; x_wconf 81' lang='lat' dir='ltr'><strong>iubebit.</strong></span> 
     </span>
     <span class='ocr_line' id='line_1_17' title="bbox 125 1269 950 1392; baseline 0.001 -69"><span class='ocrx_word' id='word_1_101' title='bbox 125 1269 197 1335; x_wconf 87' lang='lat' dir='ltr'><strong>Neo,</strong></span> <span class='ocrx_word' id='word_1_102' title='bbox 207 1273 262 1323; x_wconf 84' lang='lat' dir='ltr'><strong>nisi</strong></span> <span class='ocrx_word' id='word_1_103' title='bbox 272 1287 334 1323; x_wconf 91' lang='lat' dir='ltr'><strong>cum</strong></span> <span class='ocrx_word' id='word_1_104' title='bbox 343 1274 437 1323; x_wconf 87' lang='lat' dir='ltr'><strong>senior</strong></span> <span class='ocrx_word' id='word_1_105' title='bbox 445 1272 550 1323; x_wconf 88' lang='lat' dir='ltr'><strong>similes</strong></span> <span class='ocrx_word' id='word_1_106' title='bbox 559 1272 718 1392; x_wconf 58' lang='lat' dir='ltr'><strong>sefluesesit</strong></span> <span class='ocrx_word' id='word_1_107' title='bbox 726 1286 821 1335; x_wconf 75' lang='lat' dir='ltr'><strong>annos,</strong></span> <span class='ocrx_word' id='word_1_108' title='bbox 940 1286 950 1334; x_wconf 80' lang='grc' dir='ltr'><strong>ι</strong></span> 
     </span>
     <span class='ocr_line' id='line_1_18' title="bbox 125 1339 961 1411; baseline 0.004 -20"><span class='ocrx_word' id='word_1_109' title='bbox 125 1339 272 1393; x_wconf 79' lang='lat' dir='ltr'><strong>Aethesius</strong></span> <span class='ocrx_word' id='word_1_110' title='bbox 282 1339 374 1404; x_wconf 84' lang='lat' dir='ltr'><strong>sedes,</strong></span> <span class='ocrx_word' id='word_1_111' title='bbox 386 1345 558 1409; x_wconf 75' lang='lat' dir='ltr'><strong>cognatoque</strong></span> <span class='ocrx_word' id='word_1_112' title='bbox 568 1342 592 1392; x_wconf 91' lang='lat' dir='ltr'><strong>si</strong></span> <span class='ocrx_word' id='word_1_113' title='bbox 613 1356 663 1394; x_wconf 83' lang='lat' dir='ltr'><strong>eru</strong></span> <span class='ocrx_word' id='word_1_114' title='bbox 671 1346 774 1409; x_wconf 79' lang='lat' dir='ltr'><strong>tanget</strong></span> <span class='ocrx_word' id='word_1_115' title='bbox 920 1353 924 1411; x_wconf 66' lang='lat' dir='ltr'><strong>q</strong></span> <span class='ocrx_word' id='word_1_116' title='bbox 941 1352 961 1402; x_wconf 84' lang='lat' dir='ltr'>P</span> 
     </span>
    </p>

    <p class='ocr_par' dir='ltr' id='par_1_7' title="bbox 65 1409 962 1614">
     <span class='ocr_line' id='line_1_19' title="bbox 65 1409 962 1478; baseline 0.001 -17"><span class='ocrx_word' id='word_1_117' title='bbox 65 1409 116 1465; x_wconf 80' lang='lat'><strong>840</strong></span> <span class='ocrx_word' id='word_1_118' title='bbox 125 1410 207 1462; x_wconf 77' lang='lat' dir='ltr'><strong>Hane</strong></span> <span class='ocrx_word' id='word_1_119' title='bbox 217 1410 337 1461; x_wconf 81' lang='lat' dir='ltr'><strong>enimam</strong></span> <span class='ocrx_word' id='word_1_120' title='bbox 346 1412 453 1462; x_wconf 79' lang='lat' dir='ltr'><strong>intonen</strong></span> <span class='ocrx_word' id='word_1_121' title='bbox 461 1425 542 1463; x_wconf 90' lang='lat' dir='ltr'><strong>cueso</strong></span> <span class='ocrx_word' id='word_1_122' title='bbox 553 1410 587 1463; x_wconf 87' lang='lat' dir='ltr'><strong>de</strong></span> <span class='ocrx_word' id='word_1_123' title='bbox 598 1424 714 1478; x_wconf 83' lang='lat' dir='ltr'><strong>corpore</strong></span> <span class='ocrx_word' id='word_1_124' title='bbox 724 1414 830 1478; x_wconf 80' lang='lat' dir='ltr'><strong>raptum</strong></span> <span class='ocrx_word' id='word_1_125' title='bbox 916 1416 924 1469; x_wconf 65' lang='lat'><strong>1¹</strong></span> <span class='ocrx_word' id='word_1_126' title='bbox 940 1422 962 1469; x_wconf 76' lang='grc' dir='ltr'><strong>Α</strong></span> 
     </span>
     <span class='ocr_line' id='line_1_20' title="bbox 124 1478 955 1547; baseline -0.004 -14"><span class='ocrx_word' id='word_1_127' title='bbox 124 1478 182 1533; x_wconf 84' lang='lat' dir='ltr'><strong>Fue</strong></span> <span class='ocrx_word' id='word_1_128' title='bbox 192 1479 285 1542; x_wconf 82' lang='lat' dir='ltr'><strong>inber,</strong></span> <span class='ocrx_word' id='word_1_129' title='bbox 296 1484 329 1530; x_wconf 91' lang='lat' dir='ltr'><strong>ut</strong></span> <span class='ocrx_word' id='word_1_130' title='bbox 337 1494 447 1547; x_wconf 85' lang='lat' dir='ltr'><strong>semper</strong></span> <span class='ocrx_word' id='word_1_131' title='bbox 456 1479 593 1546; x_wconf 77' lang='lat' dir='ltr'><strong>capitolia</strong></span> <span class='ocrx_word' id='word_1_132' title='bbox 601 1486 700 1533; x_wconf 80' lang='lat' dir='ltr'><strong>nosue</strong></span> <span class='ocrx_word' id='word_1_133' title='bbox 708 1480 860 1547; x_wconf 73' lang='lat' dir='ltr'><strong>Eorumque</strong></span> <span class='ocrx_word' id='word_1_134' title='bbox 950 1521 955 1530; x_wconf 84' lang='lat'>.</span> 
     </span>
     <span class='ocr_line' id='line_1_21' title="bbox 125 1545 732 1614; baseline 0.003 -15"><span class='ocrx_word' id='word_1_135' title='bbox 125 1545 213 1599; x_wconf 82' lang='lat' dir='ltr'><strong>Divus</strong></span> <span class='ocrx_word' id='word_1_136' title='bbox 221 1548 256 1599; x_wconf 79' lang='lat' dir='ltr'><strong>sb</strong></span> <span class='ocrx_word' id='word_1_137' title='bbox 267 1547 378 1600; x_wconf 82' lang='lat' dir='ltr'><strong>excelse</strong></span> <span class='ocrx_word' id='word_1_138' title='bbox 387 1554 547 1614; x_wconf 72' lang='lat' dir='ltr'><strong>prospectet</strong></span> <span class='ocrx_word' id='word_1_139' title='bbox 556 1549 644 1601; x_wconf 90' lang='lat' dir='ltr'><strong>lulius</strong></span> <span class='ocrx_word' id='word_1_140' title='bbox 652 1549 732 1603; x_wconf 78' lang='lat' dir='ltr'><strong>aede.</strong></span> 
     </span>
    </p>

    <p class='ocr_par' dir='ltr' id='par_1_8' title="bbox 160 1614 813 1679">
     <span class='ocr_line' id='line_1_22' title="bbox 160 1614 813 1679; baseline 0.005 -12"><span class='ocrx_word' id='word_1_141' title='bbox 160 1614 214 1668; x_wconf 83' lang='lat' dir='ltr'><strong>Vix</strong></span> <span class='ocrx_word' id='word_1_142' title='bbox 223 1631 257 1668; x_wconf 82' lang='lat' dir='ltr'><strong>en</strong></span> <span class='ocrx_word' id='word_1_143' title='bbox 267 1616 342 1668; x_wconf 82' lang='lat' dir='ltr'><strong>fetus</strong></span> <span class='ocrx_word' id='word_1_144' title='bbox 353 1622 426 1679; x_wconf 76' lang='lat' dir='ltr'><strong>erot3</strong></span> <span class='ocrx_word' id='word_1_145' title='bbox 443 1618 536 1670; x_wconf 84' lang='lat' dir='ltr'><strong>media</strong></span> <span class='ocrx_word' id='word_1_146' title='bbox 546 1634 608 1670; x_wconf 92' lang='lat' dir='ltr'><strong>cum</strong></span> <span class='ocrx_word' id='word_1_147' title='bbox 618 1618 684 1671; x_wconf 75' lang='lat' dir='ltr'><strong>nesle</strong></span> <span class='ocrx_word' id='word_1_148' title='bbox 695 1617 813 1671; x_wconf 75' lang='lat' dir='ltr'><strong>Senatus</strong></span> 
     </span>
    </p>

    <p class='ocr_par' dir='ltr' id='par_1_9' title="bbox 126 1685 797 1754">
     <span class='ocr_line' id='line_1_23' title="bbox 126 1685 797 1754; baseline 0.006 -18"><span class='ocrx_word' id='word_1_149' title='bbox 126 1685 258 1737; x_wconf 82' lang='lat' dir='ltr'><strong>Constitit</strong></span> <span class='ocrx_word' id='word_1_150' title='bbox 268 1686 341 1736; x_wconf 81' lang='lat' dir='ltr'><strong>alme</strong></span> <span class='ocrx_word' id='word_1_151' title='bbox 351 1687 446 1741; x_wconf 88' lang='lat' dir='ltr'><strong>Venus</strong></span> <span class='ocrx_word' id='word_1_152' title='bbox 457 1687 527 1738; x_wconf 91' lang='lat' dir='ltr'><strong>nulli</strong></span> <span class='ocrx_word' id='word_1_153' title='bbox 538 1687 689 1749; x_wconf 82' lang='lat' dir='ltr'><strong>cernenda,</strong></span> <span class='ocrx_word' id='word_1_154' title='bbox 698 1689 797 1754; x_wconf 88' lang='lat' dir='ltr'><strong>suique</strong></span> 
     </span>
    </p>

    <p class='ocr_par' dir='ltr' id='par_1_10' title="bbox 65 1752 872 2099">
     <span class='ocr_line' id='line_1_24' title="bbox 65 1752 779 1820; baseline 0.003 -16"><span class='ocrx_word' id='word_1_155' title='bbox 65 1752 115 1808; x_wconf 84' lang='lat'><strong>845</strong></span> <span class='ocrx_word' id='word_1_156' title='bbox 127 1755 253 1806; x_wconf 76' lang='lat' dir='ltr'><strong>Caesaris</strong></span> <span class='ocrx_word' id='word_1_157' title='bbox 264 1754 367 1820; x_wconf 81' lang='lat' dir='ltr'><strong>eripuit</strong></span> <span class='ocrx_word' id='word_1_158' title='bbox 377 1755 521 1819; x_wconf 86' lang='lat' dir='ltr'><strong>membris,</strong></span> <span class='ocrx_word' id='word_1_159' title='bbox 532 1757 621 1807; x_wconf 87' lang='lat' dir='ltr'><strong>necin</strong></span> <span class='ocrx_word' id='word_1_160' title='bbox 633 1759 699 1807; x_wconf 69' lang='lat' dir='ltr'><strong>aero</strong></span> <span class='ocrx_word' id='word_1_161' title='bbox 708 1757 779 1810; x_wconf 79' lang='lat' dir='ltr'><strong>solvi</strong></span> 
     </span>
     <span class='ocr_line' id='line_1_25' title="bbox 125 1823 867 1888; baseline -0.004 -13"><span class='ocrx_word' id='word_1_162' title='bbox 125 1823 211 1875; x_wconf 79' lang='lat' dir='ltr'><strong>Passa</strong></span> <span class='ocrx_word' id='word_1_163' title='bbox 220 1830 360 1874; x_wconf 86' lang='lat' dir='ltr'><strong>recentem</strong></span> <span class='ocrx_word' id='word_1_164' title='bbox 371 1826 499 1888; x_wconf 82' lang='lat' dir='ltr'><strong>animum,</strong></span> <span class='ocrx_word' id='word_1_165' title='bbox 510 1824 674 1879; x_wconf 84' lang='lat' dir='ltr'><strong>coelestibus</strong></span> <span class='ocrx_word' id='word_1_166' title='bbox 684 1826 781 1880; x_wconf 88' lang='lat' dir='ltr'><strong>intulit</strong></span> <span class='ocrx_word' id='word_1_167' title='bbox 791 1825 867 1875; x_wconf 82' lang='lat' dir='ltr'><strong>nstris</strong></span> 
     </span>
     <span class='ocr_line' id='line_1_26' title="bbox 124 1892 872 1961; baseline -0.005 -16"><span class='ocrx_word' id='word_1_168' title='bbox 124 1892 872 1961; x_wconf 64' lang='lat' dir='ltr'><strong>Dumquetulit,lumencuperentqueignesceresensit·</strong></span> 
     </span>
     <span class='ocr_line' id='line_1_27' title="bbox 124 1962 708 2029; baseline 0.002 -17"><span class='ocrx_word' id='word_1_169' title='bbox 124 1963 279 2029; x_wconf 84' lang='lat' dir='ltr'><strong>Emisitque</strong></span> <span class='ocrx_word' id='word_1_170' title='bbox 290 1963 360 2012; x_wconf 84' lang='lat' dir='ltr'><strong>sinu.</strong></span> <span class='ocrx_word' id='word_1_171' title='bbox 380 1962 461 2014; x_wconf 82' lang='lat' dir='ltr'><strong>Luna</strong></span> <span class='ocrx_word' id='word_1_172' title='bbox 470 1963 546 2016; x_wconf 82' lang='lat' dir='ltr'><strong>volat</strong></span> <span class='ocrx_word' id='word_1_173' title='bbox 556 1963 641 2013; x_wconf 83' lang='lat' dir='ltr'><strong>altius</strong></span> <span class='ocrx_word' id='word_1_174' title='bbox 650 1963 708 2025; x_wconf 81' lang='lat' dir='ltr'><strong>illa,</strong></span> 
     </span>
     <span class='ocr_line' id='line_1_28' title="bbox 123 2028 857 2099; baseline -0.001 -18"><span class='ocrx_word' id='word_1_175' title='bbox 123 2030 389 2099; x_wconf 80' lang='lat' dir='ltr'><strong>Flammiferumque</strong></span> <span class='ocrx_word' id='word_1_176' title='bbox 400 2028 513 2082; x_wconf 76' lang='lat' dir='ltr'><strong>trahens</strong></span> <span class='ocrx_word' id='word_1_177' title='bbox 524 2032 645 2097; x_wconf 82' lang='lat' dir='ltr'><strong>spetioso</strong></span> <span class='ocrx_word' id='word_1_178' title='bbox 657 2031 746 2083; x_wconf 89' lang='lat' dir='ltr'><strong>limite</strong></span> <span class='ocrx_word' id='word_1_179' title='bbox 758 2033 857 2082; x_wconf 85' lang='lat' dir='ltr'><strong>crinem</strong></span> 
     </span>
    </p>

    <p class='ocr_par' dir='ltr' id='par_1_11' title="bbox 64 2098 928 2441">
     <span class='ocr_line' id='line_1_29' title="bbox 64 2098 928 2166; baseline -0.003 -14"><span class='ocrx_word' id='word_1_180' title='bbox 64 2102 115 2155; x_wconf 84' lang='lat'><strong>850</strong></span> <span class='ocrx_word' id='word_1_181' title='bbox 125 2098 215 2150; x_wconf 79' lang='lat' dir='ltr'><strong>Stella</strong></span> <span class='ocrx_word' id='word_1_182' title='bbox 225 2101 320 2161; x_wconf 81' lang='lat' dir='ltr'><strong>micet,</strong></span> <span class='ocrx_word' id='word_1_183' title='bbox 332 2102 445 2166; x_wconf 87' lang='lat' dir='ltr'><strong>natique</strong></span> <span class='ocrx_word' id='word_1_184' title='bbox 454 2100 549 2152; x_wconf 84' lang='lat' dir='ltr'><strong>uidens</strong></span> <span class='ocrx_word' id='word_1_185' title='bbox 558 2099 717 2162; x_wconf 73' lang='lat' dir='ltr'><strong>benefecta,</strong></span> <span class='ocrx_word' id='word_1_186' title='bbox 728 2099 832 2150; x_wconf 75' lang='lat' dir='ltr'><strong>tutetur</strong></span> <span class='ocrx_word' id='word_1_187' title='bbox 922 2106 928 2141; x_wconf 79' lang='lat' dir='ltr'><strong>i</strong></span> 
     </span>
     <span class='ocr_line' id='line_1_30' title="bbox 123 2169 733 2234; baseline -0.002 -15"><span class='ocrx_word' id='word_1_188' title='bbox 123 2169 192 2220; x_wconf 85' lang='lat' dir='ltr'><strong>Esse</strong></span> <span class='ocrx_word' id='word_1_189' title='bbox 202 2170 259 2219; x_wconf 84' lang='lat' dir='ltr'><strong>suis</strong></span> <span class='ocrx_word' id='word_1_190' title='bbox 269 2171 387 2231; x_wconf 81' lang='lat' dir='ltr'><strong>maiore,</strong></span> <span class='ocrx_word' id='word_1_191' title='bbox 398 2174 426 2220; x_wconf 86' lang='lat' dir='ltr'><strong>et</strong></span> <span class='ocrx_word' id='word_1_192' title='bbox 434 2169 506 2221; x_wconf 76' lang='lat' dir='ltr'><strong>vinci</strong></span> <span class='ocrx_word' id='word_1_193' title='bbox 516 2169 619 2234; x_wconf 82' lang='lat' dir='ltr'><strong>gaudet</strong></span> <span class='ocrx_word' id='word_1_194' title='bbox 630 2170 664 2219; x_wconf 87' lang='lat' dir='ltr'><strong>ab</strong></span> <span class='ocrx_word' id='word_1_195' title='bbox 674 2169 733 2219; x_wconf 85' lang='lat' dir='ltr'><strong>illo.</strong></span> 
     </span>
     <span class='ocr_line' id='line_1_31' title="bbox 123 2237 859 2304; baseline -0.001 -16"><span class='ocrx_word' id='word_1_196' title='bbox 123 2237 178 2288; x_wconf 84' lang='lat' dir='ltr'><strong>Hie</strong></span> <span class='ocrx_word' id='word_1_197' title='bbox 187 2252 239 2288; x_wconf 86' lang='lat' dir='ltr'><strong>suu</strong></span> <span class='ocrx_word' id='word_1_198' title='bbox 249 2238 384 2303; x_wconf 81' lang='lat' dir='ltr'><strong>praeferri</strong></span> <span class='ocrx_word' id='word_1_199' title='bbox 396 2253 560 2304; x_wconf 81' lang='lat' dir='ltr'><strong>quamquem</strong></span> <span class='ocrx_word' id='word_1_200' title='bbox 570 2243 645 2288; x_wconf 82' lang='lat' dir='ltr'><strong>vetut</strong></span> <span class='ocrx_word' id='word_1_201' title='bbox 655 2244 718 2289; x_wconf 83' lang='lat' dir='ltr'><strong>acte</strong></span> <span class='ocrx_word' id='word_1_202' title='bbox 728 2237 859 2302; x_wconf 80' lang='lat' dir='ltr'><strong>paternis,</strong></span> 
     </span>
     <span class='ocr_line' id='line_1_32' title="bbox 124 2305 810 2373; baseline 0 -17"><span class='ocrx_word' id='word_1_203' title='bbox 124 2305 228 2360; x_wconf 83' lang='lat' dir='ltr'><strong>Libera</strong></span> <span class='ocrx_word' id='word_1_204' title='bbox 237 2306 313 2357; x_wconf 73' lang='lat' dir='ltr'><strong>ianus</strong></span> <span class='ocrx_word' id='word_1_205' title='bbox 323 2311 427 2369; x_wconf 85' lang='lat' dir='ltr'><strong>tamen,</strong></span> <span class='ocrx_word' id='word_1_206' title='bbox 439 2306 577 2373; x_wconf 83' lang='lat' dir='ltr'><strong>nullisque</strong></span> <span class='ocrx_word' id='word_1_207' title='bbox 588 2308 708 2357; x_wconf 81' lang='lat' dir='ltr'><strong>obnoxiu</strong></span> <span class='ocrx_word' id='word_1_208' title='bbox 717 2307 810 2369; x_wconf 82' lang='lat' dir='ltr'><strong>iussis,</strong></span> 
     </span>
     <span class='ocr_line' id='line_1_33' title="bbox 122 2375 792 2441; baseline 0.001 -16"><span class='ocrx_word' id='word_1_209' title='bbox 122 2375 243 2429; x_wconf 82' lang='lat' dir='ltr'><strong>invitum</strong></span> <span class='ocrx_word' id='word_1_210' title='bbox 254 2375 389 2440; x_wconf 71' lang='lat' dir='ltr'><strong>praefert,</strong></span> <span class='ocrx_word' id='word_1_211' title='bbox 400 2391 509 2441; x_wconf 85' lang='lat' dir='ltr'><strong>unaque</strong></span> <span class='ocrx_word' id='word_1_212' title='bbox 519 2392 548 2425; x_wconf 90' lang='grc' dir='ltr'><strong>ιιι</strong></span> <span class='ocrx_word' id='word_1_213' title='bbox 558 2382 637 2441; x_wconf 83' lang='lat' dir='ltr'><strong>purte</strong></span> <span class='ocrx_word' id='word_1_214' title='bbox 647 2381 792 2441; x_wconf 81' lang='lat' dir='ltr'><strong>repugnat.</strong></span> 
     </span>
    </p>

    <p class='ocr_par' dir='ltr' id='par_1_12' title="bbox 63 2442 813 2650">
     <span class='ocr_line' id='line_1_34' title="bbox 63 2442 805 2511; baseline -0.003 -15"><span class='ocrx_word' id='word_1_215' title='bbox 63 2442 113 2496; x_wconf 87' lang='lat'><strong>855</strong></span> <span class='ocrx_word' id='word_1_216' title='bbox 124 2442 171 2495; x_wconf 86' lang='lat' dir='ltr'><strong>Sic</strong></span> <span class='ocrx_word' id='word_1_217' title='bbox 182 2446 273 2510; x_wconf 75' lang='lat' dir='ltr'><strong>nuugni</strong></span> <span class='ocrx_word' id='word_1_218' title='bbox 285 2445 359 2495; x_wconf 82' lang='lat' dir='ltr'><strong>cedit</strong></span> <span class='ocrx_word' id='word_1_219' title='bbox 369 2445 458 2495; x_wconf 86' lang='lat' dir='ltr'><strong>titulis</strong></span> <span class='ocrx_word' id='word_1_220' title='bbox 467 2445 682 2511; x_wconf 74' lang='lat' dir='ltr'><strong>Agamemnonis</strong></span> <span class='ocrx_word' id='word_1_221' title='bbox 691 2444 805 2495; x_wconf 76' lang='lat' dir='ltr'><strong>Atreus:</strong></span> 
     </span>
     <span class='ocr_line' id='line_1_35' title="bbox 122 2511 792 2579; baseline -0.001 -15"><span class='ocrx_word' id='word_1_222' title='bbox 122 2514 216 2579; x_wconf 77' lang='lat' dir='ltr'><strong>Aegeu</strong></span> <span class='ocrx_word' id='word_1_223' title='bbox 225 2514 266 2563; x_wconf 86' lang='lat' dir='ltr'><strong>sic</strong></span> <span class='ocrx_word' id='word_1_224' title='bbox 276 2512 414 2576; x_wconf 84' lang='lat' dir='ltr'><strong>Theseus,</strong></span> <span class='ocrx_word' id='word_1_225' title='bbox 424 2514 464 2565; x_wconf 88' lang='lat' dir='ltr'><strong>sie</strong></span> <span class='ocrx_word' id='word_1_226' title='bbox 473 2514 558 2565; x_wconf 88' lang='lat' dir='ltr'><strong>Pelen</strong></span> <span class='ocrx_word' id='word_1_227' title='bbox 568 2516 653 2565; x_wconf 72' lang='lat' dir='ltr'><strong>uincit</strong></span> <span class='ocrx_word' id='word_1_228' title='bbox 663 2511 792 2567; x_wconf 71' lang='lat' dir='ltr'><strong>Achilles.</strong></span> 
     </span>
     <span class='ocr_line' id='line_1_36' title="bbox 123 2581 813 2650; baseline -0.004 -18"><span class='ocrx_word' id='word_1_229' title='bbox 123 2581 265 2648; x_wconf 87' lang='lat' dir='ltr'><strong>Denique,</strong></span> <span class='ocrx_word' id='word_1_230' title='bbox 275 2587 307 2631; x_wconf 88' lang='lat' dir='ltr'><strong>ut</strong></span> <span class='ocrx_word' id='word_1_231' title='bbox 318 2583 451 2649; x_wconf 83' lang='lat' dir='ltr'><strong>exemplis</strong></span> <span class='ocrx_word' id='word_1_232' title='bbox 460 2585 536 2649; x_wconf 85' lang='lat' dir='ltr'><strong>ipsos</strong></span> <span class='ocrx_word' id='word_1_233' title='bbox 547 2582 731 2650; x_wconf 78' lang='lat' dir='ltr'><strong>aequantibus</strong></span> <span class='ocrx_word' id='word_1_234' title='bbox 741 2586 813 2641; x_wconf 82' lang='lat' dir='ltr'><strong>utar,</strong></span> 
     </span>
    </p>
   </div>
   <div class='ocr_carea' id='block_1_3' title="bbox 124 2648 805 2721">
    <p class='ocr_par' dir='ltr' id='par_1_13' title="bbox 124 2648 805 2721">
     <span class='ocr_line' id='line_1_37' title="bbox 124 2648 805 2721; baseline 0 -21"><span class='ocrx_word' id='word_1_235' title='bbox 124 2648 170 2701; x_wconf 84' lang='lat' dir='ltr'><strong>Sic</strong></span> <span class='ocrx_word' id='word_1_236' title='bbox 180 2656 209 2703; x_wconf 86' lang='lat' dir='ltr'><strong>et</strong></span> <span class='ocrx_word' id='word_1_237' title='bbox 219 2649 355 2704; x_wconf 81' lang='lat' dir='ltr'><strong>Saturnus</strong></span> <span class='ocrx_word' id='word_1_238' title='bbox 365 2653 456 2706; x_wconf 77' lang='lat' dir='ltr'><strong>niinor</strong></span> <span class='ocrx_word' id='word_1_239' title='bbox 466 2658 509 2706; x_wconf 90' lang='lat' dir='ltr'><strong>est</strong></span> <span class='ocrx_word' id='word_1_240' title='bbox 519 2654 590 2706; x_wconf 82' lang='lat' dir='ltr'><strong>love.</strong></span> <span class='ocrx_word' id='word_1_241' title='bbox 610 2653 805 2721; x_wconf 79' lang='lat' dir='ltr'><strong>iupiterarees</strong></span> 
     </span>
    </p>
   </div>
   <div class='ocr_carea' id='block_1_4' title="bbox 0 0 968 3016">
    <p class='ocr_par' dir='ltr' id='par_1_14' title="bbox 0 0 968 3016">
     <span class='ocr_line' id='line_1_38' title="bbox 0 0 968 3016; baseline 0 0"><span class='ocrx_word' id='word_1_242' title='bbox 0 0 968 3016; x_wconf 95' lang='lat' dir='ltr'><strong> </strong></span> 
     </span>
    </p>
   </div>
  </div>
 </body>
</html>
