1926 3016
11 58 27 183 ,ι
128 107 557 179 METAMORPHOSEON
573 112 654 167 Lis.
672 113 759 169 Xlll.
777 115 830 168 285

10 186 18 249 2'
62 213 134 279 (luis
143 212 218 266 initi
233 213 341 266 Hector
350 214 537 267 ubitviolatus
546 216 661 269 omneis
672 218 758 270 nullo.

59 282 108 337 Me
118 285 387 352 miserum‚quonto
396 284 648 353 eogormemin'isse
659 287 756 340 dolore
842 289 893 340 280

57 353 215 421 Temporis
223 353 313 417 illins,
324 369 394 423 quo,
404 355 520 407 Graium
530 371 641 419 murus,
651 355 773 410 Achilles

54 420 230 476 Procubuit!
245 439 297 475 nee
308 439 351 477 me
362 424 507 488 lacrimae,
517 426 657 490 luetusve,
666 428 785 481 timorve

54 491 240 555 Turdorunt,
251 495 316 560 quin
327 508 428 562 eorpus
439 494 522 546 humo
532 495 652 548 sublime
663 495 808 559 referrem.

51 561 112 616 His
132 560 274 626 humeris,
288 561 345 628 liis,
359 565 486 641 inquam,
501 563 625 686 liepmeris
636 568 693 634 'ego
707 568 805 634 colpos

49 702 95 756 Et
103 700 197 754 simul
205 701 356 754 smstulit
368 671 828 773 quaenuncquoqueierreleboro
841 705 888 758 285

51 771 136 826 Sunt
146 768 230 836 mihi,
240 786 311 841 quoe
320 772 433 824 valeant
441 775 470 825 in
480 775 550 827 talia
560 774 700 842 pondera,
709 777 795 828 vires:

51 842 112 895 Est
123 842 236 893 animus
245 849 354 895 vestros
364 848 441 894 certe
451 858 584 896 sensurus
594 843 724 903 honores.
793 880 797 893 .

54 911 295 965 Scilicetideireo
304 926 356 976 pro
367 917 453 980 gnoto
463 914 578 966 caerula
588 918 680 968 meter
701 956 704 961 .

53 981 219 1033 Ambitiosa
228 980 280 1030 sui)
290 978 357 1044 fuit,
367 985 400 1030 ut
409 983 544 1036 eoelestis
554 983 637 1047 dona',
676 1016 680 1023 ·

55 1051 140 1106 Artis
150 1063 223 1116 opus
232 1050 430 1113 nossemus
453 1059 482 1103 et
492 1055 552 1106 sine
562 1060 677 1120 pectore
686 1054 769 1106 miles
840 1069 890 1120 29⁰

56 1117 220 1173 indueret}
231 1134 323 1188 neque
334 1121 407 1171 enim
417 1118 509 1187 clypei
520 1123 770 1186 caelaminenorit,

58 1191 224 1252 Oceanum,
234 1195 378 1254 ottones,
388 1205 505 1258 eumque
516 1189 574 1241 alto
584 1193 677 1244 sideru
687 1193 777 1256 coelo,

58 1256 265 1329 Pleiadasque,
278 1260 466 1328 Hyadesque,
480 1261 689 1329 immunemque
698 1261 829 1328 aequoris

264 1350 267 1357 ²
486 1331 599 1392 Arcton,
677 1334 679 1339 ’
764 1350 767 1355 ·

10 1418 12 1429 ·
61 1399 257 1468 Diversaeque
266 1399 364 1462 urbes,
375 1398 550 1467 nitidumque
560 1399 672 1450 Orionis
682 1415 785 1452 ensem.

10 1488 12 1493 ·
61 1468 210 1533 Postuldt,
221 1473 253 1520 ut
262 1469 368 1536 capiat,
379 1484 450 1538 quae
460 1484 516 1521 non
526 1469 671 1538 intelligit,
682 1474 767 1522 erius.
844 1469 893 1538 295

10 1576 13 1585 .
64 1537 158 1602 Quidl
174 1539 250 1607 quod
258 1554 317 1603 me,
328 1539 390 1591 duri
401 1538 554 1607 fugientem
564 1540 768 1607 muneraoelli,

64 1610 168 1677 Anguis
176 1610 289 1675 incepto
299 1624 395 1663 sorum
407 1611 557 1662 accessisse
566 1610 675 1663 leberii

45 1676 51 1692 ¹
65 1678 126 1732 Nee
135 1693 168 1730 se
177 1680 356 1746 magnanimo
366 1680 535 1732 maledicere
545 1682 631 1732 sentit
641 1679 761 1747 Aeldllil

67 1747 97 1800 Si
107 1747 256 1800 simulasse
265 1754 349 1800 vocat
358 1746 478 1816 crimem
492 1750 682 1802 simulavimus
692 1752 784 1803 ambo.

67 1817 96 1870 Si
107 1832 190 1871 more
199 1832 251 1886 pro
260 1819 344 1885 eulpa
352 1824 409 1883 est3
425 1834 477 1888 ego
487 1835 550 1872 sum
559 1823 696 1873 maturior
705 1821 766 1873 illo.
844 1819 894 1870 300

65 1888 115 1940 Me
124 1889 173 1955 pie
183 1888 305 1941 detinuit
314 1890 429 1941 coniux:
444 1891 491 1958 pis
501 1894 592 1942 meter
601 1889 749 1942 Achillem:

65 1956 219 2026 Primoque
228 1963 295 2010 sunt
303 1958 360 2010 illis
372 1959 439 2011 dete
448 1966 586 2025 tempore,
597 1963 708 2011 caetere
717 1959 802 2010 vobis.

65 2028 154 2080 Haud
164 2029 263 2092 timeo,
274 2030 364 2080 sliam
375 2043 483 2096 nequeo
495 2027 646 2081 defendere
657 2029 763 2080 crimen

10 2148 11 2155 ,
68 2098 138 2149 cnm
149 2100 465 2152 nntocommunevuo.
482 2098 646 2165 Deprensus
656 2097 748 2151 Vlixis
875 2135 877 2138 .

66 2167 364 2235 ingeniotamen11103
379 2172 410 2219 st
420 2181 476 2219 non
485 2169 589 2230 discis,
600 2166 704 2219 Vlixes
846 2165 895 2217 505

68 2236 146 2289 Neve
156 2239 187 2288 in
197 2253 242 2289 me
252 2238 372 2290 stolidae
383 2238 505 2289 convicia
515 2237 633 2289 fundere
643 2236 757 2305 linguae

68 2307 335 2360 Adminnureum
351 2309 431 2360 vobis
441 2321 552 2375 quoque
562 2306 765 2375 dignepudors

69 2376 184 2429 obiicit.
204 2380 246 2430 An
258 2377 329 2430 falso
338 2375 510 2430 Palameden
520 2379 725 2444 crimineturpe

68 2450 226 2501 sconsam
236 2444 779 2512 mihi,vobis·dsmnnssedeoorum·estl

70 2515 128 2568 Sed
137 2531 230 2585 neque
240 2517 410 2585 Naupliades
421 2518 532 2572 focinus
540 2517 692 2571 defendere
700 2522 820 2578 tunm
847 2517 896 2567 iio

68 2588 202 2654 'l'amque
209 2589 431 2655 petens‚vsluit:
446 2604 500 2642 nee
509 2604 559 2640 vos
568 2588 687 2641 audistis
696 2590 725 2639 in
735 2587 785 2638 illo

69 2659 208 2709 crimine:
217 2659 344 2711 ‚vidistist
359 2661 505 2729 pretioque
515 2661 626 2715 obieeta
633 2658 776 2728 puteosne.
