1926 3016
130 133 183 187 262
313 127 343 180 Ρ.
363 124 502 180 ovrnlr
521 122 703 180 NASONIS

130 236 176 288 Sic
186 231 272 290 fetus.
284 232 465 301 Cygnumque
475 231 559 298 petit,
569 245 620 282 nee
630 228 760 282 fraxinus
769 236 856 282 errat:

128 305 216 372 Inque
228 297 343 354 humero
353 301 448 351 sonuit
458 315 513 351 non
523 300 627 352 eritata
636 300 762 350 sinistro.

129 374 209 436 inde,
219 371 297 423 velut
304 384 401 437 muro,
409 369 533 421 solidare
544 384 561 419 a
570 374 664 431 caute,
673 367 790 435 repulsa
797 373 848 422 en

72 443 119 496 125
130 444 192 505 Qua
201 447 294 493 tamen
305 441 377 491 ictus
388 445 458 502 erat,
468 439 608 506 signatum
618 439 755 505 sanguine
767 439 884 507 Cygnum

128 510 258 574 Viderat,
270 514 299 562 et
309 508 415 560 frustra
425 507 517 560 fuerat
526 507 649 575 gavisus,
660 504 792 560 Achilles.

129 580 239 635 Vulnus
249 583 311 631 erat
320 577 441 629 nullum=
457 578 570 644 sanguis
582 575 700 629 eratille
711 576 868 630 Menoetae.

130 651 202 700 'l'um
213 662 279 700 vero
289 662 423 715 praeceps
433 662 516 699 curru
527 645 725 700 fremebundus
733 646 771 697 ab
782 646 841 699 alto

128 718 245 781 Desilit,
256 721 285 768 et
294 716 382 767 nitido
393 731 521 768 securum
532 718 658 768 cominus
669 713 779 767 hostem

75 789 119 839 rio
129 789 203 840 Ense
214 789 326 853 petens,
336 800 461 853 parmam
471 786 579 854 gladio,
589 784 756 852 galeamque
766 786 858 836 cerari

131 856 239 918 Cernit,
250 859 279 907 et
288 854 316 905 in
328 854 398 907 duro
408 855 483 908 laedi
494 869 603 923 quoque
613 868 732 920 corpore
742 852 858 905 ferrum.

130 924 215 978 Haud
225 923 290 975 tulit
300 923 431 977 ulterius:
445 925 602 991 ¹clypeoque
613 922 733 975 adversa
743 923 860 976 reducto

130 996 200 1056 Ter,
212 999 312 1061 quater
320 1006 371 1044 ora
381 993 445 1056 viri,
455 992 553 1060 capulo
564 1008 633 1045 cava
641 997 771 1060 tempora
780 992 881 1058 pulsat:

132 1062 304 1131 cedentique
314 1077 431 1129 sequens
441 1063 540 1114 instat:
557 1064 859 1131 turbatque,ruitque:

77 1132 121 1186 135
131 1132 257 1184 Attonito
277 1147 312 1184 ue
323 1137 408 1200 negat
417 1133 550 1200 requiem.
572 1132 662 1183 Pavor
673 1137 793 1199 occupat
802 1130 888 1183 ilium:

131 1203 203 1254 Ante
213 1148 366 1269 notansque
376 1206 475 1253 natant
484 1202 626 1254 tenebrae:
640 1206 775 1270 retroque
786 1199 881 1254 ferenti

132 1274 251 1324 Aversor
261 1286 372 1340 passus,
382 1271 473 1324 medio
481 1269 553 1337 lapis
564 1272 673 1323 obstitit
683 1285 751 1322 arvo

132 1343 222 1404 Quem
233 1355 318 1407 super
327 1339 475 1408 impulsum
485 1342 617 1408 resupino
627 1345 743 1406 pectore
753 1339 876 1408 Cygnum

132 1410 168 1462 Vi
179 1409 268 1461 multa
276 1411 374 1473 vertit,
383 1416 532 1478 terraeque
542 1409 652 1462 adflixit
660 1407 792 1462 Achilles.

76 1482 122 1532 140
132 1480 215 1540 Tum,
225 1478 323 1545 clypeo
329 1479 500 1546 genibusque
507 1494 635 1546 premens
639 1477 891 1546 praecordiadurb,

132 1546 232 1599 Vincla
242 1544 330 1597 trahit
338 1547 448 1614 galeae:
465 1563 536 1615 quae
546 1563 641 1615 presso
651 1548 765 1601 subdita
775 1554 868 1602 mento

132 1615 247 1666 illidunt
258 1614 365 1680 fauces,
377 1622 405 1669 et
415 1619 601 1683 respiramen,
611 1618 720 1686 iterque

132 1686 262 1751 Eripiunt
273 1686 388 1736 animae.
408 1687 520 1739 Victum
531 1689 651 1754 spoliare
661 1688 793 1754 parabat:

132 1754 217 1805 Arma
227 1753 325 1805 relicta
336 1754 423 1806 ridete
440 1771 539 1822 corpus
549 1757 626 1808 Deus
637 1759 766 1823 aequoris
777 1755 867 1806 albam

76 1823 121 1876 145
134 1823 258 1874 Contulit
269 1823 295 1872 in
306 1824 460 1886 volucrem,
471 1827 548 1876 cuius
559 1825 641 1876 modo
654 1840 756 1878 nomen
768 1823 892 1876 habebat

168 1894 222 1943 Hic
233 1889 394 1957 lab0r‚haec
400 1896 524 1963 requiem
531 1895 682 1945 multorum
688 1909 783 1962 pugna
789 1894 892 1946 dierum

132 1963 246 2025 Attulit,
258 1967 286 2014 et
297 1964 394 2029 positis
405 1978 470 2029 pars
480 1970 599 2032 utraque
610 1963 736 2015 substitit
746 1965 841 2015 armis.

132 2032 261 2099 Dumque
272 2033 336 2099 vigil
348 2030 484 2100 Phrygios
495 2038 587 2084 servat
598 2033 725 2086 custodia
735 2048 841 2098 muros,

115 2104 118 2110 '
132 2103 170 2151 lit
180 2101 246 2168 rigil
255 2101 398 2168 Argolicas
408 2108 500 2153 servat
511 2104 636 2154 custodia
647 2103 751 2166 fossas;

76 2167 121 2218 150
132 2170 216 2222 Festa
227 2170 285 2221 dies
297 2170 405 2233 aderat,
417 2187 471 2239 qua
483 2173 571 2238 Cygni
581 2174 671 2222 victor
679 2170 804 2224 Achilles

132 2238 248 2290 Pallada
257 2241 373 2291 vittatae
385 2240 512 2306 placabat
522 2240 656 2308 sanguine
667 2254 779 2293 vaccae.

133 2309 216 2358 Cuius
228 2315 258 2359 ut
269 2310 400 2374 imposuit
409 2315 536 2374 prosecta
547 2309 701 2361 calentibus
711 2312 784 2374 aris3

132 2376 169 2428 Et
178 2377 230 2428 Dis
241 2384 370 2444 aceeptus
380 2380 537 2445 penetravit
547 2379 576 2428 in
587 2377 703 2430 aethera
712 2379 810 2443 nidor;

134 2445 220 2496 Sacra
230 2446 322 2498 tulere
331 2463 421 2510 suam,
432 2464 497 2514 pars
508 2453 551 2500 cst
561 2449 626 2500 data
637 2453 749 2500 caetera
758 2449 870 2502 mensis.

76 2514 122 2567 255
134 2513 308 2566 Discubuere
320 2518 388 2567 toris
399 2531 541 2582 proceres,
553 2523 583 2569 et
592 2533 710 2584 corpora
719 2523 796 2569 tosta

136 2585 224 2633 Carne
235 2584 357 2649 replent,
368 2588 485 2653 vinoque
496 2586 590 2637 levant
600 2603 748 2655 curasque,
758 2588 896 2654 sitimque,

136 2652 199 2704 b'on
209 2651 274 2704 illos
285 2652 421 2718 citharae,
432 2669 487 2706 non
496 2654 561 2707 illos
572 2657 695 2708 earmina
705 2671 815 2722 recum,
