1926 3016
153 164 582 219 METAMORPHOSEON
605 165 684 219 LlB.
702 167 725 221 1.
787 166 823 221 23

60 271 238 339 Quamquam
246 270 346 333 invita,
356 271 471 337 probat:
487 285 539 390 nep
547 280 604 322 uon
615 275 644 323 et
654 273 745 335 cuius,
756 276 785 323 et

373 370 395 393 -,
477 356 515 389 un
535 355 560 402 e,

58 411 156 472 Quove
167 409 205 460 sit
214 413 352 471 armento,
362 409 421 460 veri
431 410 509 476 quasi
520 411 626 471 nescia,
637 409 754 476 quaerit.

56 480 165 553 Iupiter
176 493 190 530 e
202 483 278 529 terra
287 478 411 544 genitum
424 480 573 540 mentitur,
583 483 615 528 ut
624 483 723 531 auctor
832 476 881 529 615

56 548 177 600 Desinat
186 549 297 615 inquiri.
318 547 392 598 Petit
403 545 474 598 hanc
486 546 618 599 Saturnia
626 563 735 599 munus.

57 617 133 680 Quid
144 615 246 668 saciati
260 617 385 679 crudele,
395 633 460 667 suos
471 617 600 668 addicere
611 632 734 668 amores:

55 686 202 750 Nondare,
213 692 378 755 suspectum.
390 687 541 749 puderent,
552 685 822 754 quisdadeatillinc3

55 757 131 808 Hinc
142 756 285 809 dissuadet
295 771 381 815 unior,
401 757 500 816 Victus
511 756 603 822 pudor
613 762 687 807 esset
697 771 805 808 aurore:

57 825 129 887 Sed,
139 825 200 878 lere
211 828 234 876 si
243 842 344 876 munus
354 827 445 877 sociae
455 829 620 894 generisque
631 827 743 893 torique
831 829 881 879 620

56 896 153 947 Vacca
162 901 326 962 negaretur,
335 901 446 960 poterat
456 911 511 947 non
522 911 605 947 vacca
615 896 713 947 videri.

55 964 161 1016 Pelliee
172 965 288 1027 donata,
297 980 353 1015 non
365 965 491 1031 protinus
501 967 578 1021 exuit
589 978 699 1016 ornnem

54 1033 130 1086 Dira
139 1039 256 1096 metum3
268 1035 415 1100 timuitque
425 1034 532 1097 lovem,
543 1040 571 1086 et
581 1033 636 1084 fuit
646 1035 729 1085 anxia
739 1031 822 1096 surti3

54 1103 156 1156 Donec
166 1103 348 1155 Arestoridae
359 1103 524 1153 servandam
535 1103 652 1153 tradidit
663 1105 745 1168 Argo.

57 1174 176 1224 Centum
188 1173 341 1222 luminibus
351 1173 473 1221 cinctum
484 1172 566 1235 caput
576 1174 666 1236 Argus
675 1168 807 1222 babebat:
832 1175 881 1228 625

54 1241 125 1294 lade
135 1243 194 1293 suis
205 1243 311 1292 vicibus
322 1240 470 1306 capiebant
479 1239 545 1289 bina
555 1240 688 1306 quietem:

57 1312 178 1363 Caetera
187 1313 349 1371 servabant,
361 1314 446 1375 utque
456 1309 485 1359 in
496 1309 618 1359 statione
628 1308 784 1361 manebant

59 1381 233 1432 Constiterat
243 1393 408 1446 quocunque
419 1378 515 1439 modo,
526 1378 671 1444 spectabat
681 1378 716 1429 ad
728 1379 773 1430 lor

57 1452 129 1503 Ante
140 1449 237 1501 oculos
248 1450 294 1511 lo,
303 1450 429 1515 quamv-is
440 1463 566 1510 aversus,
578 1446 705 1499 habebat.

54 1518 135 1570 Luce
144 1520 213 1568 sinit
222 1520 312 1584 pasci:
328 1534 391 1569 oum
400 1517 443 1568 sol
453 1519 555 1570 tellure
567 1517 687 1571 sub-ulta
697 1522 748 1580 est,
832 1520 882 1571 630

57 1589 185 1650 Claudit,
197 1594 226 1638 et
234 1588 349 1654 indigno
360 1589 515 1639 circumdat
524 1587 635 1639 vincula
646 1587 730 1640 collo.

56 1657 217 1719 Frondibus
226 1658 365 1720 arboreis,
376 1663 405 1711 et
415 1672 511 1708 amara
521 1659 646 1722 pascitur
655 1655 755 1707 herba:

55 1724 169 1793 Proque
179 1731 257 1788 toro,
267 1730 373 1789 terrae,
389 1741 446 1777 uon
454 1741 565 1792 semper
575 1739 690 1792 gramen
700 1723 823 1788 habenti,

54 1797 176 1848 incubat
184 1794 297 1858 infeli13
312 1795 467 1863 limosaque
477 1793 591 1851 flumina
600 1801 689 1861 potat.

55 1865 112 1916 illa
122 1866 207 1917 etiam
216 1880 269 1930 sup
290 1865 336 1917 lex
346 1869 420 1933 Argo
431 1881 493 1917 cum
504 1865 714 1917 brachiuvellet
833 1865 882 1917 655

56 1934 198 1996 Tendere,
208 1950 263 1985 non
271 1880 379 2000 lubuit,
391 1951 460 2003 quae
470 1934 586 1987 brachia
595 1934 726 1988 tenderet
734 1933 822 2000 Argo:

58 2004 224 2071 Conatoque
234 2005 313 2073 queri
324 2007 446 2073 mugitus
458 2005 547 2057 edidit
558 2019 621 2056 ore:

56 2072 261 2141 Pertimuitque
271 2088 365 2126 sonos:
379 2077 550 2142 propriaque
560 2074 695 2124 exterrita
700 2083 766 2121 voce
773 2074 824 2122 cst

56 2143 145 2196 Venit
156 2147 185 2194 et
194 2144 229 2194 ad
238 2144 327 2210 ripas,
338 2145 386 2196 ubi
395 2144 494 2195 ludere
504 2138 716 2205 saepesolebat,

55 2210 203 2264 lnachida
214 2213 446 2279 ripas:.novaque
455 2215 488 2259 ut
498 2208 644 2274 conspexit
653 2209 682 2259 iu
691 2207 769 2271 unda¹
833 2211 883 2264 bio

58 2283 185 2344 Cornua,
195 2282 352 2347 pertimuit,
360 2296 447 2349 seque
458 2282 605 2331 externata
613 2277 728 2349 refugit

57 2351 165 2404 Naides
174 2352 438 2419 ignorant„ignorat
449 2354 479 2401 et
488 2346 607 2400 lnachus
615 2349 685 2416 ipse,

59 2422 141 2485 Quae
152 2421 198 2472 sit.
217 2421 253 2472 At
261 2420 313 2473 illa
323 2429 432 2488 patrem
442 2420 583 2486 sequitur,
594 2419 774 2488 sequiturque

56 2560 96 2614 Et
107 2560 216 2627 patitur
224 2559 313 2625 tangi,
321 2573 409 2626 seque
417 2503 626 2617 aumllglliellis
637 2558 735 2616 ollert.

49 2628 491 2694 Decerptassem'orporrererat
499 2633 633 2701 Inachus
641 2634 773 2698 herbae,
865 2624 922 2678 otia

39 2691 93 2741 ula
100 2705 203 2743 manus
209 2693 328 2762 iuuabit,
331 2702 503 2780 patriisque
513 2709 570 2768 dat
580 2700 697 2771 odedu
706 2701 840 2781 palium
