1926 3016
131 176 184 231 320
316 173 347 226 Ρ.
365 173 506 227 0Vlllll
523 170 706 224 NASONIS

130 279 227 335 Vincis
237 279 318 341 enim,
328 279 486 345 moriorque
494 276 596 328 libens:
606 291 667 344 age,
678 274 782 341 ferrea,
792 276 881 346 genus.

131 351 213 401 Certe
225 349 329 416 aliquid
339 347 451 398 laudere
463 348 515 396 nrei
527 347 648 412 cogeris,
659 347 779 413 eritque,

131 418 193 480 Quo
203 418 254 468 tibi
264 419 314 467 sim
321 422 424 483 gratus,
434 415 617 482 meritumque
623 414 750 466 fatebere
756 420 882 485 nomam.

70 504 79 513 ”
130 487 193 539 Non
204 493 297 537 minen
309 492 373 536 ante
385 485 425 535 tui
435 500 527 534 curam
540 486 655 536 cessisse
666 491 819 549 memento,

69 560 119 628 7²5
130 557 218 618 Quam
225 560 326 619 vitam3
332 551 726 622 geminaquesimulmihiiuce
733 554 882 607 carendum.

129 626 187 678 Nec
197 626 248 676 tibi
260 624 345 674 Fama
356 625 409 674 mei
418 629 535 673 ventura
546 630 590 673 est
599 624 697 674 nuntia
707 623 775 686 leti;

129 694 192 761 lpse
202 707 269 761 ego,
279 708 313 744 ne
324 693 441 755 dubites,
451 692 549 743 adero:
564 706 754 760 praesensque
763 692 884 753 rideborr

131 765 254 829 Corpore
264 767 297 812 ut
307 762 427 813 exanimi
437 761 562 812 crudelia
573 762 678 811 lucrina
689 774 798 826 pascas.

131 831 161 883 Si
172 837 277 893 tamen,
289 845 305 881 o
316 829 430 896 Superi,
440 831 570 880 mortalia
580 830 639 881 fata
650 830 760 892 ridetis,

70 907 120 972 750
129 903 196 952 Este
205 901 259 952 mei
270 914 415 961 memores,
425 898 493 949 nihil
506 899 581 949 ultra
591 898 688 966 lingua
698 899 809 965 precari

129 969 262 1030 Sustinet,
273 975 301 1019 et
312 968 394 1034 longo
406 967 489 1019 facite
500 976 532 1018 ut
541 983 730 1021 memoremur
738 969 768 1018 in
778 982 859 1020 aeros

129 1037 177 1100 Et,
189 1050 258 1104 quae
269 1037 506 1098 demsistisnitae,
516 1037 581 1089 date
592 1042 720 1104 tempora
731 1037 832 1089 famae.

128 1106 220 1158 Dixit:
235 1100 309 1158 etad
321 1111 427 1172 postes,
439 1113 553 1157 ornatos
563 1120 646 1172 saepe
656 1107 777 1168 coronis,

129 1177 283 1227 Humentes
295 1176 405 1239 oculos,
416 1181 445 1226 et
455 1176 559 1241 pallida
568 1174 684 1227 brachia
693 1175 822 1238 tendens,

71 1244 119 1307 735
131 1246 199 1295 Cum
210 1244 316 1296 foribus
327 1245 419 1312 laquei
430 1244 562 1311 religaret
571 1244 682 1295 vincula
692 1236 808 1307 summi}

129 1316 208 1365 llaec
218 1315 269 1365 tibi
278 1319 354 1366 serta
364 1314 486 1380 placent,
497 1314 617 1365 crudelis
629 1320 658 1365 et
667 1311 772 1380 impia!
787 1312 862 1364 dixit.

129 1383 304 1450 Inseruitque
316 1389 406 1449 eaput,
417 1383 465 1433 sed
477 1389 534 1437 tum
540 1397 753 1450 quoqueversus
761 1381 885 1434 aninam:

131 1452 220 1518 Atque
232 1465 302 1501 onus
312 1451 410 1503 infelix
421 1451 490 1503 elisa
501 1451 581 1503 fauce
591 1452 734 1519 pependit.

130 1518 191 1569 lcta
201 1519 302 1584 pedum
313 1526 389 1569 motu
399 1521 588 1586 trepidantum
599 1526 630 1571 ut
640 1521 731 1573 multa
736 1525 887 1587 gementem

72 1592 122 1655 740
131 1588 200 1640 Visa
210 1586 318 1637 dedisse
329 1600 427 1636 sonum
438 1594 488 1650 cst,
499 1589 688 1657 adapertaque
697 1589 887 1640 ianuafactum

132 1655 271 1717 Prodidit3
287 1655 443 1706 exclamant
453 1655 561 1708 famuli:
576 1658 737 1726 frustraque
749 1659 877 1719 levatum,

132 1725 203 1777 Nam
214 1729 293 1790 pater
304 1723 455 1784 occideret,
467 1724 593 1775 referunt
604 1728 635 1775 ad
649 1727 746 1778 limina
756 1729 861 1778 matris.

132 1796 238 1860 Accipit
248 1794 297 1843 illa
307 1794 383 1854 sinu,
395 1792 591 1860 complexaque
604 1794 705 1859 frigida
715 1799 775 1847 nati

132 1864 260 1914 lilernbra
271 1863 323 1924 sui,
334 1868 479 1929 postquam
488 1865 889 1930 nriserorumrerbaparentum

72 1935 122 1990 245
133 1934 240 1994 Edidit,
252 1937 281 1984 et
291 1938 409 1982 matrum
420 1933 580 1983 miserarum
593 1933 668 1983 facta
678 1936 803 2001 peregit3

132 2003 244 2054 Funera
254 2003 372 2053 ducebat
383 2001 499 2052 mediam
512 2002 660 2052 lacrimosa
669 2017 719 2068 per
730 2006 837 2066 urbem,

132 2071 294 2138 Luridaqne
305 2086 403 2120 arsuro
414 2072 541 2135 portabat
551 2072 676 2121 membra
687 2072 802 2124 feretro.

132 2138 218 2191 Forte
228 2140 288 2190 riae
299 2142 388 2190 vicina
400 2140 510 2202 domus,
522 2157 576 2206 qua
586 2140 685 2191 flebilis
696 2143 756 2192 ibat

133 2208 250 2275 Pompa,
262 2208 326 2258 fuit:
344 2209 485 2275 duraeque
496 2224 580 2259 sonns
591 2210 733 2276 plangoris
744 2211 781 2262 ad
791 2225 872 2262 aures

74 2280 125 2340 750
134 2278 220 2328 Venit
229 2279 409 2328 Anaxaretes:
427 2294 507 2345 squam
519 2281 572 2329 iam
583 2280 660 2329 Deus
670 2280 748 2330 ultor
758 2282 867 2347 agebat.

133 2344 213 2395 Mota
224 2352 315 2398 tamen
324 2384 331 2407 ,
340 2347 503 2409 Videamus,
514 2351 565 2409 ait,
577 2349 736 2400 miserabile
747 2349 846 2412 funus3

101 2452 104 2458 .
134 2413 170 2463 Et
180 2415 283 2479 patulis
294 2418 356 2466 iniit
366 2423 467 2466 tectum
480 2417 597 2468 sublime
609 2417 747 2468 fenestris.

133 2482 244 2548 Vixque
254 2485 323 2536 bene
333 2487 491 2551 impositum
503 2486 576 2537 lecto
587 2492 770 2552 prospexerat
779 2485 859 2553 Iphin

133 2551 288 2618 Deriguere
300 2555 386 2616 oerrll,
397 2555 557 2621 calidusque
569 2572 584 2606 e
595 2571 712 2621 corpore
724 2557 845 2625 sangnis,

74 2624 122 2690 755
133 2621 249 2671 lnducto
259 2623 379 2686 pallore,
391 2623 474 2690 fugit:
491 2631 644 2691 conatuque
655 2633 733 2677 retro

131 2691 217 2741 Ferre
227 2691 324 2758 pedes,
335 2690 434 2743 haesit:
450 2703 550 2746 conata
560 2702 686 2747 auertere
697 2695 801 2756 vultus,
