1926 3016
73 132 497 209 nursnonrnosnou
514 155 594 209 orn.
612 157 652 211 11.
710 157 745 212 o

60 262 115 325 iar,
126 260 276 312 obscurum
286 261 339 312 nisi
350 274 406 313 nox
417 276 480 313 cum
490 259 589 314 feeerit
599 263 705 328 orbem,

60 346 74 382 r
86 330 237 383 honoratas
248 346 371 394 summo,
382 347 445 383 mea
454 332 583 396 vulnera,
595 333 674 385 coelo
754 333 804 388 515

60 402 115 453 *itis
126 401 224 453 stellas
233 400 306 464 illic,
317 403 363 453 ubi
375 401 497 454 circulus
508 416 588 454 axem

60 487 104 522 rus
114 476 283 534 extremum,
294 473 441 540 spatioque
453 471 640 535 brevissimus,
650 471 744 525 ambit.

60 555 118 604 ero,
130 557 180 593 cur
190 545 250 609 quis
262 544 395 594 lunonem
408 541 519 592 laedere
529 541 610 602 nolit,

61 626 177 678 samque
188 615 304 677 trenrat3
321 627 391 679 quae
403 612 506 678 prosim
516 610 579 662 sola
590 608 733 662 nocendo!

60 695 104 749 rgo
116 687 250 748 quantum
260 681 316 749 egi!
332 697 415 750 quam
424 687 504 733 vaste
513 682 641 749 potentia
649 685 746 732 nostra
755 689 806 743 520

397 751 452 802 est!

60 817 198 871 bominem
209 822 300 872 vetuiz
313 819 389 872 facta
399 821 515 872 estlles.
526 819 573 873 Sic
583 834 746 888 egopoenas

60 891 111 941 bus
121 891 248 957 impono:
265 891 305 940 sie
314 895 360 941 est
367 905 430 942 mea
440 905 541 957 magna
550 896 683 956 potestas.

62 964 111 1011 cet
119 961 265 1027 antiquam
276 958 375 1011 faciem
381 995 390 1023 ‚
400 959 551 1027 vultusque
562 959 667 1012 ferinos

61 1027 131 1094 chat3
147 1029 280 1097 Argolica
290 1029 363 1096 quod
373 1035 402 1081 et
412 1036 476 1082 ante
486 1029 645 1082 Phoronide
656 1028 731 1082 fecit.

63 1098 583 1167 onetpulsadueatluuone,meoque
756 1096 828 1165 522,

61 1174 106 1220 cet
115 1170 144 1220 in
155 1168 291 1230 thalamo,
302 1181 485 1234 socerumque
494 1169 628 1234 Lycaona
637 1165 747 1221 sumati

61 1253 69 1288 r
79 1239 105 1290 si
117 1238 213 1290 laesae
223 1242 380 1289 contemtus
391 1239 483 1303 tangit
493 1237 632 1299 alumnae,

61 1311 96 1359 lte
109 1309 240 1359 caeruleo
251 1312 359 1373 septem
371 1304 515 1372 prohibete
525 1307 659 1358 Triones:

61 1392 134 1445 nque
146 1377 174 1427 in
186 1376 266 1428 coelo
277 1377 366 1442 stupri
376 1376 504 1428 mercede
514 1381 629 1442 recepte

61 1463 90 1501 e:
107 1462 143 1498 ne
154 1461 225 1513 puro
235 1447 361 1513 tingatur
370 1447 398 1497 in
409 1460 531 1515 aequore
542 1445 643 1513 pellex.
756 1448 806 1503 530

61 1519 147 1571 maris
157 1521 322 1569 annuerant.
343 1516 438 1570 llabili
449 1516 581 1568 Saturnia
590 1531 677 1569 curru

60 1588 139 1639 ditur
148 1587 285 1654 liquidum
295 1588 448 1653 pavonibus
458 1590 524 1638 aira
534 1586 627 1653 pictis:

61 1672 149 1723 nuper
158 1659 239 1724 pictis
251 1671 332 1708 caeso
345 1657 497 1722 pavonibus
507 1657 592 1724 Argo,

61 1746 67 1779 ι
77 1733 111 1779 tu
120 1743 209 1794 nuper
219 1741 296 1789 eras,
307 1742 368 1779 curn
380 1726 516 1778 candidus
526 1733 591 1777 ante
602 1724 711 1790 fuisses,

61 1798 196 1865 eloquar,
207 1798 300 1848 subito
311 1798 454 1864 nigrantes
463 1811 560 1848 versus
569 1797 597 1847 in
609 1796 678 1849 alas
756 1796 808 1854 53⁵

61 1865 114 1919 luit
124 1866 193 1919 haec
202 1866 342 1935 quondam
354 1868 440 1919 niveis
451 1872 587 1934 argentea
595 1867 695 1933 pennis

67 1940 101 1988 ut
111 1943 245 2005 aequaret
255 1943 331 1988 totas
342 1939 402 1988 sine
412 1936 475 1988 labe
485 1936 641 2000 columbas:

63 2009 202 2060 erraturis
212 2007 290 2074 vigili
303 2006 439 2072 Capitolia
447 2020 516 2057 noce
737 2004 748 2035 ⁰

61 2081 100 2129 ret
108 2077 266 2140 anseribus,
277 2092 328 2129 nee
338 2077 444 2128 amanti
454 2073 570 2125 flumina
581 2085 679 2140 cycno

61 2161 89 2198 ra
100 2144 154 2197 tuit
164 2146 279 2199 damno:
294 2146 390 2213 lingue
401 2144 521 2195 faciente
531 2143 652 2210 loquaci,
757 2145 807 2202 540

61 2215 121 2269 olor
130 2215 211 2268 albus
220 2222 295 2276 erat,
307 2230 381 2267 nunc
391 2219 436 2265 est
444 2215 603 2265 contrarius
613 2211 687 2267 albo}

61 2289 108 2339 ior
116 2286 144 2337 in
154 2289 228 2350 tota,
239 2302 321 2354 quarn
332 2285 482 2338 Larissaea
491 2283 617 2346 Coronis,

62 2356 283 2409 iritllaemonia.
303 2355 414 2408 Placuit
424 2354 488 2417 tibi,
502 2351 651 2420 Delphice,
661 2359 749 2419 certo,

62 2426 109 2479 sel
120 2432 197 2478 easta
207 2426 275 2489 fuit,
285 2426 331 2479 rel
340 2426 526 2478 inobservate
547 2423 602 2477 seu
613 2424 672 2477 ulos

62 2496 256 2549 tadulteriunr
267 2495 436 2550 Phoebeius:
452 2501 540 2563 utque
550 2494 686 2549 latentem
757 2495 807 2549 54⁵
823 2506 830 2522 ·

62 2571 134 2637 geret
143 2567 254 2635 eulpam
265 2582 321 2619 non
331 2565 482 2621 exorabilis
491 2566 585 2629 index,

62 2639 177 2691 uminum
188 2639 322 2693 tendebat
331 2640 398 2691 iter:
415 2652 498 2705 quern
507 2635 624 2704 garrula
633 2631 718 2685 motis

62 2709 418 2780 comportarentur
427 2704 701 2778 utomnimorub.
