1926 3016
131 129 184 183 244
315 124 345 177 Ρ.
364 123 506 179 ovim!
523 122 706 178 NASONIS
819 132 826 148 '
867 128 873 143 ⁶

131 233 186 296 Qui
193 231 274 282 vocnt
283 230 432 292 Auroram,
442 226 575 297 coeloque
585 227 749 280 sumsimus
760 229 825 281 exit.

132 302 215 354 Culta
224 296 291 350 mihi
300 312 356 365 pax
366 303 420 361 est3
435 299 512 364 pacis
522 296 589 349 mihi
599 313 666 349 cura
676 297 808 360 tuendae,

131 369 313 436 Coniugiique
323 366 389 418 fult:
405 365 487 418 fratri
497 365 641 418 terebella
651 366 808 433 placebant.

131 439 211 492 lllius
221 439 308 488 virtus
317 450 414 504 reges,
424 440 576 502 gentesque
587 436 709 503 subegit:

71 511 121 562 boo
131 510 210 572 Quae
220 522 293 557 nuno
303 505 456 558 Thisbaeas
466 506 554 573 agitat
564 509 672 556 mutata
680 502 831 557 columbas.

132 578 207 631 Nata
217 581 279 628 erat
288 574 353 626 huie
364 573 480 626 Chione:
497 589 567 642 quae
578 573 753 625 dotatissima
764 572 854 625 forma

133 646 213 699 Mille
225 645 315 712 procis
326 642 443 711 placuit,
454 644 498 695 his
506 648 613 709 septem
622 643 726 694 nubilis
735 644 824 695 annis.

131 717 217 769 Forte
228 719 402 766 revertentes
413 711 553 776 Phoebus,
564 713 694 779 Maiaque
705 717 825 777 creatus,

131 784 184 836 Ille
193 785 251 834 suis
261 781 391 848 Delphis,
401 780 446 832 hio
456 783 559 833 uertice
571 781 714 848 Cyllenao,

72 854 123 907 305
132 853 238 907 Videre
249 850 320 902 hanc
329 852 447 918 pariter,
456 852 562 917 pariter
572 856 684 902 traxere
695 850 826 904 calorem.

132 921 216 989 Spem
226 920 344 973 Veneris
355 918 448 971 differt
456 921 485 977 in
495 925 622 986 tempora
630 920 720 971 nonis
728 921 838 988 Apollo.

121 992 195 1046 ‚Non
204 990 269 1042 tulit
278 990 328 1041 ille
337 1003 442 1040 moras:
457 989 590 1056 virgaque
601 993 730 1040 movente
740 1004 866 1057 soporem

131 1060 254 1129 Virginis
265 1074 297 1110 os
307 1058 405 1126 tangit.
425 1059 515 1110 Tactu
525 1059 600 1112 iacet
609 1057 660 1115 illa
669 1060 788 1125 potenti,

131 1130 250 1198 Vimque
260 1128 315 1180 Dei
325 1129 437 1195 patitur.
452 1125 515 1178 Nox
525 1127 633 1179 eoelum
644 1134 789 1194 sparserat
799 1129 890 1190 astrist

71 1201 122 1253 bro
132 1197 259 1253 Phoebus
265 1213 348 1249 anum
353 1196 479 1259 simulat3
488 1200 690 1264 praeceptaque
696 1197 799 1264 gaudia
804 1198 889 1248 sumit

132 1269 172 1322 vt
182 1283 233 1320 sua
243 1273 369 1319 maturus
380 1267 528 1333 complevit
538 1271 666 1332 tempora
676 1271 791 1331 ventem

131 1337 255 1404 alipedis
266 1337 300 1388 de
309 1338 395 1403 stirpe
406 1336 473 1398 Dei,
483 1340 596 1387 versuta
606 1349 740 1404 propago,

131 1405 263 1459 Nascitur
271 1406 439 1471 Autolycus,
449 1404 556 1455 furtum
565 1405 726 1471 ingeniosus
736 1404 774 1459 ad
783 1419 873 1458 omne:

132 1476 187 1538 Qui
197 1474 289 1526 facere
300 1478 438 1535 assuerat,
449 1475 557 1539 patriae
567 1487 622 1528 uon
633 1473 755 1541 degener
764 1475 842 1538 artis,

72 1545 121 1601 315
133 1543 257 1596 Candida
268 1542 302 1594 de
313 1543 415 1609 nigris,
426 1541 499 1598 etde
510 1542 691 1596 candentibus
702 1549 774 1595 atra.

132 1611 265 1665 Nascitur
275 1627 290 1665 e
299 1609 425 1674 Phoebo,
436 1627 555 1679 uanique
565 1617 608 1668 est
617 1613 699 1664 enixa
709 1613 853 1680 gemellos,

134 1682 261 1734 &umine
269 1681 358 1733 vocali
368 1680 473 1744 clarus,
483 1680 645 1749 citharaque
655 1680 840 1739 Philammon.

132 1750 206 1815 Quid
217 1751 356 1818 peperisse
367 1750 449 1813 duos,
460 1756 490 1802 et
499 1750 551 1802 Dis
561 1751 698 1817 placuisse
709 1751 832 1815 duobus3

132 1822 170 1874 Et
178 1819 247 1871 sorti
257 1820 397 1887 genitore,
409 1824 438 1870 et
448 1820 627 1887 progenitore
636 1821 761 1877 Tonanti

73 1893 123 1944 bno
133 1890 203 1944 Esse
213 1895 302 1941 satam
308 1887 438 1956 prodestt
448 1904 484 1940 an
490 1890 570 1941 obest
575 1904 684 1957 quoque
689 1890 782 1956 gloria
787 1885 892 1947 multisl

133 1958 232 2013 Obsuit
241 1956 306 2010 huic
317 1963 400 2011 certe.
420 1959 499 2020 Quae
510 1973 539 2010 se
550 1957 694 2026 praeferre
707 1960 816 2012 Dianae

134 2029 285 2092 Sustinuit,
296 2027 450 2096 faciemque
461 2028 538 2080 Deae
550 2028 678 2094 culpavit.
699 2029 736 2080 ht
744 2028 789 2079 illi

133 2099 180 2150 lra
189 2097 269 2151 feror
279 2101 356 2148 mota
366 2102 419 2149 est:
435 2097 583 2164 Factisque
595 2097 781 2163 placebimus,
791 2097 886 2164 inquit.

134 2166 193 2219 Neo
204 2183 295 2229 mora3
310 2167 434 2217 curvavit
444 2181 544 2229 cornu,
556 2181 694 2235 nervoque
705 2167 838 2234 sagittam
886 2183 891 2194 ⁵

73 2238 123 2294 325
133 2236 259 2303 impulit,
270 2241 300 2290 et
309 2237 437 2287 meritam
448 2237 559 2288 traiecit
570 2237 705 2296 arundine
716 2236 849 2303 linguam.

132 2305 244 2373 Lingua
252 2310 335 2367 tacet,
346 2320 397 2357 nec
407 2319 468 2367 vox,
474 2306 728 2374 tentataqueuerba
733 2310 895 2373 sequuntur:

134 2375 341 2442 Conamemque
352 2373 430 2442 loqui
440 2390 501 2426 cum
512 2376 647 2442 sanguine
656 2376 713 2431 rita
723 2375 849 2443 reliquit.

133 2443 232 2506 Quem,
243 2442 473 2509 miscraopietas!
486 2459 537 2511 ego
544 2450 602 2495 tum
609 2450 766 2513 patruoque
772 2444 895 2496 dolorem

135 2510 225 2564 Corde
234 2512 300 2575 tuli,
311 2511 445 2582 fratrique
456 2513 501 2580 pio
511 2514 614 2574 solatia
623 2515 689 2568 diri.

73 2583 123 2636 530
134 2582 211 2644 Quae
217 2588 296 2648 pater
301 2579 375 2632 haud
382 2583 554 2650 aliter,qunm
561 2588 657 2635 cautes
663 2598 808 2635 murmura
813 2581 896 2650 ponti,

133 2651 254 2719 Accipits
271 2655 300 2704 ct
310 2656 405 2703 natam
415 2651 621 2706 delamentatur
631 2652 779 2706 ademtam.
