1926 3016
174 152 593 208 METAMORPHOSEON
615 153 694 208 mu.
713 157 733 208 l.
803 155 835 211 Ιὸ

73 257 186 310 Littera
194 272 261 308 voce
271 255 374 322 replet,
384 258 435 307 sub
446 263 563 326 utroque
573 259 695 310 iacentia
705 257 826 312 Phoebo.

72 329 143 378 'l'um
156 342 279 394 quoque,
291 333 382 376 utura
393 326 446 377 Dei
458 328 567 378 uladida
577 330 702 380 rorantia
711 329 800 383 barba

73 396 209 462 Contigit,
220 405 248 446 et
258 396 359 446 cecinit
368 397 458 445 iussus
467 395 564 446 indata
573 404 714 464 receptus,
843 403 894 457 340

73 465 208 515 Omnibus
219 464 315 515 audita
324 472 367 516 est
377 465 487 516 telluris
498 471 526 517 et
537 468 666 532 aequoris
677 467 773 518 undist

73 534 107 584 Et
118 535 220 601 quibus
231 541 274 584 est
285 534 365 584 undis
375 535 484 596 audita,
494 537 619 585 coercuit
630 550 732 587 purnes.

73 603 130 654 lam
141 618 219 653 mare
231 603 310 652 littus
321 602 415 655 habet:
432 605 528 670 plenos
538 605 612 670 capit
622 604 718 655 alveus
729 619 837 656 amnes:

74 671 205 722 Flumina
216 672 374 722 subsidunt=
390 674 476 725 colles
487 675 564 724 exire
576 673 714 724 ridentur.

74 739 287 808 Surgithumus:
299 744 501 805 crescuntlocu,
515 741 837 795 decrescentibusundis.
845 748 895 800 545

76 808 199 877 Postque
210 810 282 861 diem
295 810 402 878 longam
415 813 521 862 nudata
531 813 674 864 cacumina
684 812 771 863 silvae

77 879 245 942 Ostendunt‚
257 880 407 945 limumque
418 887 515 930 tenent
525 882 551 930 in
563 880 662 932 fronde
672 881 809 932 relictum.

109 948 247 1001 Redditus
257 950 333 998 orbis
345 955 412 999 erat.
433 949 520 1030 Quan
532 956 680 1018 postquam
689 949 759 1000 vidit

489 1034 609 1081 munem,

76 1087 113 1138 Et
123 1086 264 1137 desolatas
276 1100 360 1152 agere
370 1084 427 1136 alta
437 1087 549 1137 silentia
559 1093 664 1149 terras3
757 1114 763 1119 ·

78 1155 233 1207 Deucalion
246 1156 367 1205 lacrimis
379 1156 419 1203 ita
429 1154 564 1218 Pyrrham
575 1154 679 1204 ellatur
689 1155 808 1205 obortisr
849 1163 896 1215 350

79 1225 113 1274 0!
130 1241 225 1286 soror,
235 1224 264 1274 o!
280 1225 394 1277 coniux.
406 1221 435 1271 ol
451 1221 555 1272 l'eminu
565 1223 626 1272 sola
636 1227 784 1287 superstes,

78 1295 165 1355 Quam
180 1307 326 1343 commune
339 1290 403 1340 1111111
414 1305 515 1357 genus,
527 1294 555 1341 et
566 1290 701 1355 patruelis
712 1292 800 1358 origo,

77 1361 187 1412 Deinde
198 1361 392 1421 τοι-1111111111
408 1375 479 1410 uunc
490 1360 550 1424 ipsa
560 1359 685 1424 pericula
694 1361 824 1427 iungunt:

77 1432 245 1489 Terrarum,
256 1443 433 1495 quascunque
444 1428 538 1479 rident
548 1444 664 1479 occasus
673 1434 702 1480 et
713 1437 800 1494 ortus,

76 1499 134 1551 Nos
145 1500 201 1550 duo
213 1498 294 1548 turba
306 1513 412 1546 sumus:
428 1497 552 1562 possedit
562 1504 672 1550 caetera
684 1503 794 1564 pontus.
848 1504 898 1562 555

77 1568 157 1620 Nunc
169 1582 277 1634 quoque
288 1565 377 1616 adlmc
389 1568 461 1616 ritae
473 1582 527 1616 non
539 1572 582 1617 cst
593 1567 694 1619 liducia
705 1573 817 1621 nostras

79 1639 160 1688 Certa
173 1637 254 1685 satis:
272 1641 379 1685 terrent
389 1636 539 1686 etiamnum
551 1636 647 1686 nubila
656 1642 786 1690 mentem.

79 1707 150 1768 Quid
163 1706 226 1765 tihi,
237 1706 260 1753 si
272 1705 330 1755 sine
343 1720 384 1755 me
396 1704 460 1754 latis
470 1711 567 1768 erepta
579 1703 687 1768 fuisses,

79 1774 157 1824 Nunc
169 1773 267 1834 enimi,
280 1774 448 1835 miseranda,
459 1772 549 1824 forcti
563 1789 618 1840 quo
629 1774 691 1825 sola
699 1775 827 1827 timorem

78 1843 164 1893 Perre
177 1842 259 1892 inodo
271 1843 380 1908 possesl
396 1859 449 1908 quo
461 1842 622 1894 consolante
632 1841 760 1896 doleres?
847 1847 898 1903 360

79 1911 202 1978 Namque
214 1926 273 1977 ego,
285 1911 447 1974 credamini,
458 1913 480 1961 si
488 1911 839 1978 temodopontushaberct,

80 1981 266 2046 Tesequercr,
277 1982 387 2046 coniux,
402 1988 593 2049 ctrucquoque
604 1987 704 2047 pontus
716 1979 839 2031 haberet

80 2049 114 2100 0!
130 2051 235 2098 utinam
248 2051 350 2116 possim
364 2051 480 2116 populos
491 2066 622 2116 reparare
634 2050 758 2116 paternis

79 2119 203 2180 Artibus3
215 2124 298 2185 atque
308 2122 414 2170 arsinoas
427 2120 564 2170 formatae
576 2119 724 2167 infundere
733 2122 827 2170 terroe

78 2187 157 2238 Nunc
167 2202 254 2253 genus
266 2189 293 2237 in
306 2191 384 2240 nubis.
397 2194 485 2238 restat
496 2185 615 2236 lnorlalo
626 2185 749 2248 duobus3
848 2191 897 2248 365

78 2255 124 2310 Sic
133 2259 224 2308 risum
235 2256 362 2324 Superis:
379 2256 576 2321 hominumque
589 2254 716 2322 exempla
727 2269 784 2308 nra·

493 2340 599 2375 nemus.

79 2396 211 2458 Dixerat,
222 2400 251 2446 et
261 2394 373 2464 flebant
392 2394 503 2447 Placuit
514 2393 634 2447 coeleste
644 2394 753 2460 precari

79 2465 201 2527 Numen,
213 2470 240 2516 et
252 2467 386 2514 auxilinm
398 2481 447 2530 per
458 2479 551 2514 sacras
561 2480 695 2532 quaerere
705 2469 804 2516 sortes.

79 2535 166 2586 Nulla
177 2549 256 2585 mora
268 2543 324 2593 est3
341 2535 443 2585 adeunt
456 2534 560 2600 pariter
572 2534 733 2600 Cephisidas
743 2532 840 2594 undas,

79 2603 115 2654 Vt
125 2603 249 2654 nondum
262 2603 394 2671 liquidus,
405 2606 445 2654 sic
455 2604 508 2653 iam
520 2604 590 2655 reda
601 2609 667 2655 uota
677 2606 803 2656 secantes
848 2601 898 2658 370

79 2673 146 2727 Inde
158 2675 207 2726 ubi
217 2673 319 2725 libatus
329 2673 485 2726 inroravere
495 2672 618 2739 liquores
