1926 3016
135 158 185 213 1⁷2
328 150 359 205 P.
377 147 521 203 ovlnll
540 148 726 205 NASONIS

132 261 211 325 Quae
221 256 296 310 ieret
304 256 435 325 ingeniis,
447 254 555 322 excepit
564 253 671 307 Pallae:
688 271 826 328 avemque

131 328 276 383 Reddidit:
292 333 321 381 et
331 326 422 378 medio
433 324 536 379 relevit
544 324 574 377 in
584 326 648 377 edre
657 327 768 393 pennie.

132 399 188 453 Sed
199 400 276 466 vigor
286 397 390 465 ingenii
401 395 540 465 quondam
549 393 653 447 veloeie
662 396 692 447 in
701 395 774 461 alu,
835 402 841 417 ¹

72 470 121 525 255
132 470 217 537 lnque
228 467 313 534 pedee
323 467 403 519 abiit:
418 479 520 518 nomen
526 501 535 529 ‚
545 464 620 533 quod
630 469 659 517 et
669 470 747 531 ante,
756 466 867 519 remmd

131 538 195 593 Non
204 542 300 589 tamen
310 534 379 589 haee
388 535 447 588 ulte
456 534 579 588 volueris
589 549 641 587 tua
650 548 776 604 eorpora
784 534 865 601 tollit,

132 607 190 661 Neo
199 606 267 659 facit
275 608 305 658 in
313 607 412 670 ramis,
423 604 706 675 altoqueoaeumine,
715 604 816 671 niden

132 678 251 744 Propter
260 674 374 728 humum
384 675 496 728 volitat:
512 676 647 744 ponitque
657 675 867 743 inoepibunorr

131 747 299 814 Antiquique
308 760 416 798 memor
425 746 527 797 metuit
535 745 666 797 eublimie
675 758 769 797 ouem.

72 818 121 876 260
166 817 278 883 lamque
288 813 438 883 fatigatum
447 814 533 869 tellus
542 816 666 869 Aetnaeo
675 816 795 868 tenebat

131 884 290 938 Daedalon:
307 889 336 936 et
344 887 444 937 sumtis
453 898 505 951 pro
515 884 638 952 eupplioe
648 884 771 937 (loculue
781 886 863 939 armi·

131 956 209 1008 Mitis
220 952 383 1007 habebatur.
402 954 462 1006 lem
472 952 653 1007 lamentabile
662 952 792 1009 Athenae

131 1023 256 1079 Pendere
267 1023 421 1087 desierant,
432 1020 543 1075 Thesea
553 1023 650 1086 laude,
658 1023 808 1075 tributum.

131 1093 248 1162 Templa
259 1097 442 1146 coronentur:
456 1091 688 1162 bellatricemque
697 1092 853 1145 Minervam

73 1166 121 1221 265
132 1165 202 1216 (lum
212 1165 277 1217 lore
287 1162 394 1231 liteque
404 1166 503 1215 vocant
512 1161 588 1216 aliie:
598 1176 669 1233 quoe
678 1163 816 1231 sanguine
823 1168 867 1215 vot

131 1235 351 1301 Muneribusque
362 1233 450 1297 datie,
461 1236 490 1285 et
498 1234 602 1285 acerris
613 1233 685 1284 turia
695 1232 824 1285 adorant

131 1304 150 1359 S
171 1309 279 1357 arserat
287 1303 433 1372 Argolicae
444 1316 546 1354 nomen
554 1303 626 1371 rega
634 1300 867 1369 Famaperurbre

130 1321 266 1427 'rieeeoar
283 1379 312 1425 et
321 1372 431 1449 populi,
442 1387 512 1440 quos
519 1371 597 1442 *dives
607 1368 713 1427 Achaia
724 1372 807 1440 oepit,

129 1444 222 1496 Huius
234 1456 316 1509 opem
326 1443 435 1509 magnis
444 1440 630 1508 imploravere
659 1441 769 1495 erieliea

71 1533 122 1585 ²7⁰
131 1514 222 1565 Huius
232 1525 312 1578 opem
318 1510 454 1576 Calydon,
465 1511 590 1577 quamvis
595 1455 764 1579 Meieegron
772 1508 867 1565 bebere

133 1580 263 1634 Sollicito
272 1579 389 1647 supplex
397 1580 479 1647 petiit
489 1594 580 1646 prece.
600 1580 706 1633 causeo
715 1580 828 1648 petendi

133 1650 186 1703 Sus
197 1655 271 1712 mot,
281 1649 400 1702 infestae
411 1648 534 1701 famulus
542 1649 698 1718 vindexque
707 1651 823 1707 Dianae.

133 1722 229 1773 Oenea
239 1734 357 1787 namque
368 1718 475 1784 ferunt,
486 1719 562 1786 pleni
572 1721 745 1773 euooeeeibue
755 1720 828 1782 anni,

133 1790 289 1853 Primitiae,
298 1788 409 1856 frugem
420 1790 530 1852 Cereri,
540 1805 592 1841 sua
602 1791 666 1841 rina
675 1790 785 1857 Lyaeo,

73 1859 123 1930 275
134 1860 274 1913 Palladios
285 1857 373 1911 flavae
383 1858 481 1911 latioee
491 1858 594 1912 libaeee
604 1859 758 1912 Minervae.

134 1932 254 1999 Coeptus
265 1930 299 1981 ab
310 1928 441 1997 agricolis
451 1927 575 1996 Superos
586 1929 758 1996 pervenitad
769 1938 859 1981 omnes

132 2001 289 2054 invidiosus
299 1997 403 2052 bonose
417 1999 493 2052 solae
504 2000 562 2051 sine
572 2003 635 2051 ture
646 1998 760 2052 relictae

133 2072 307 2127 Praeteritae
317 2084 440 2123 cessasse
450 2069 546 2123 ferunt
554 2068 689 2121 Letoidos
699 2083 773 2121 arae.

134 2142 238 2210 'l'angit
248 2141 328 2197 etita
337 2140 423 2193 Deoe.
443 2139 545 2192 Atrion
555 2139 668 2207 impune
679 2137 816 2200 teremut3

75 2220 125 2272 280
135 2211 269 2278 Quaeque
280 2208 481 2272 inhonoratee,
491 2222 547 2260 non
559 2213 589 2261 et
598 2209 724 2262 dicemur
733 2207 853 2269 inultee;

134 2281 241 2349 lnquitr
256 2286 286 2333 et
296 2282 407 2333 Oeneos
417 2278 539 2331 ultorem
548 2283 643 2347 spreto
648 2293 703 2399 per
713 2291 798 2345 agroe

136 2352 216 2404 Misit
225 2365 335 2416 aprum:
352 2354 456 2416 quanto
466 2349 588 2400 maiores
598 2347 649 2400 her
668 2349 823 2400 idatauroe

133 2421 197 2474 Non
207 2418 409 2486 habetEpiroe:
422 2418 471 2471 sed
481 2417 585 2470 babent
591 2417 686 2471 Sicula
697 2432 766 2470 arra
774 2416 867 2467 minore

134 2490 275 2558 Sanguine
286 2495 316 2541 et
324 2490 389 2557 igne
403 2491 508 2540 micant
518 2488 605 2552 oculi,
616 2489 638 2540 ri
660 2493 688 2540 et
698 2487 789 2541 ardua
797 2484 867 2539 uerri·

69 2560 123 2616 285
132 2562 172 2613 Et
179 2564 259 2613 setae
270 2559 364 2611 deneie
374 2559 479 2611 similes
489 2503 776 2610 hastilibusffiorrent:

124 2631 160 2703 [S
163 2638 285 2703 tantque
296 2632 378 2686 velut
387 2630 497 2684 vallum
503 2664 512 2690 ,
518 2627 601 2679 uelut
608 2626 867 2677 altnbannlxaaetae

113 2704 248 2767 Ferrida
261 2720 331 2762 eum
340 2719 437 2763 rauco
446 2702 527 2755 latos
535 2695 720 2758 etridorepen
729 2703 825 2741 armoe
