1926 3016
182 46 232 101 140
260 72 273 113 .·
364 41 393 95 P.
412 40 552 96 ovum
573 39 754 95 NASONIS

181 144 307 214 concipit
314 148 425 200 interce
432 145 540 197 validos
549 146 661 198 Aeetius
669 147 762 213 ignes:
779 163 785 170 ·

140 231 170 268 ιο
179 216 216 270 Et
224 215 331 269 luctata
340 217 558 284 diu,postquam
567 215 679 285 ratione·
686 213 805 268 timorem

180 287 301 338 Vincere
312 301 367 337 uon
397 290 501 348 oterat3
521 282 803 348 Frustra‚Medeo,r

182 354 283 407 Nescio
299 355 361 422 quis
404 368 454 406 cus
469 353 575 417 obstet,
587 356 638 471 alit:
658 353 805 422 mirumque

180 470 183 475 .
617 427 711 484 coest,

182 494 238 547 Aut
247 490 353 561 aliquid
363 496 440 545 certe
450 490 542 546 simile
550 489 623 554 huic,
633 491 707 558 quod
717 505 805 545 omaro

182 563 254 615 Nem
265 577 315 616 eur
323 564 399 614 iussa
408 561 496 630 patris
506 563 623 627 nimium
632 559 699 611 mihi
709 560 805 614 durat

144 633 174 684 15
185 631 257 684 Sunt
271 646 379 700 quoquo
395 631 466 684 dura
481 630 571 684 nimis.
596 630 665 693 Cur,
679 645 763 699 quem
778 646 805 682 m

528 746 531 751 .
598 698 717 768 denique
726 698 798 769 ridi‚'

184 768 226 821 Ne
237 775 345 837 percat,
356 768 459 824 timcoi
472 784 545 840 quae
554 769 626 821 tenti
638 783 737 820 caussa
746 769 805 821 tim«

183 839 291 891 Excute
301 840 424 909 virgineo
436 836 583 908 conceptas
594 843 708 906 pectore
718 836 805 903 flamm

185 905 214 958 Si
223 908 315 973 potes,
325 905 432 962 infelix.
452 908 482 962 Si
493 924 617 977 possem,
627 908 721 960 senior
730 922 805 961 esser

185 975 240 1028 Sed
249 976 337 1030 trahit
345 974 460 1033 inritam
471 993 544 1032 nors
553 979 608 1043 vis3
622 976 805 1043 aliudquecu

141 1061 175 1096 20
184 1046 265 1098 Mens
274 1046 350 1099 aliud
360 1048 469 1098 succiet.
490 1048 581 1096 Video
593 1046 724 1106 meliora,
734 1042 805 1111 prob

184 1115 336 1167 Deterioru
345 1127 456 1182 sequor.
469 1110 550 1176 ¹Quid
559 1112 588 1162 in
598 1109 762 1178 hospite‚re
783 1115 805 1165 ‘c

185 1181 299 1236 Vrerisi
314 1189 342 1237 et
352 1181 489 1237 thalamos
500 1181 585 1233 ulieui
595 1182 718 1250 concipis
729 1197 761 1235 or
781 1184 805 1234 is

185 1253 265 1306 Hace
280 1268 391 1322 quoque
404 1256 482 1306 terro
496 1254 601 1319 potest,
617 1251 691 1319 quod
706 1267 796 1317 ames,

547 1345 549 1348 ⁴
601 1322 698 1384 Vivat,
710 1336 745 1373 au
756 1321 805 1377 ille

186 1391 313 1456 Occidet,
323 1394 352 1442 iu
362 1392 413 1443 Dis
424 1394 479 1442 est:
494 1390 570 1441 vivat
579 1394 687 1454 tomen3
703 1390 787 1458 idque
797 1406 805 1459 1

143 1460 176 1513 25
187 1460 241 1512 Vel
250 1462 308 1513 sinc
319 1474 414 1515 amoro
424 1459 499 1511 licet.
521 1459 595 1522 Quid
606 1460 677 1512 enim
688 1461 805 1512 commis:

187 1529 289 1592 Quem,
300 1531 353 1581 nisi
363 1528 517 1592 crudelem,
528 1543 583 1580 non
594 1534 692 1597 tangat
700 1530 805 1582 lisonis

186 1599 223 1650 Et
231 1614 332 1666 genus,
342 1604 371 1652 et
379 1597 484 1651 virtust
499 1613 582 1667 quam
591 1613 661 1661 non,
672 1604 704 1650 ut
713 1604 805 1651 caeter

185 1667 288 1720 Forma
298 1682 410 1721 movere
421 1666 531 1735 potest?
546 1673 620 1719 certe
631 1682 693 1720 mee
703 1674 805 1736 pectore

186 1739 234 1800 At,
246 1740 299 1788 nisi
310 1752 389 1804 opem
399 1735 505 1800 tulero,
515 1742 661 1788 taurorum
673 1736 805 1790 otiabitur

143 1810 177 1861 50
187 1807 396 1875 Concurretquo
405 1821 472 1858 suae
483 1807 582 1874 segeti,
593 1806 696 1858 tellure
707 1809 805 1859 creatis

186 1876 334 1928 Hostibus:
352 1881 402 1928 aut
412 1875 493 1927 ovido
505 1877 617 1928 dabitur
627 1876 687 1928 sero
696 1877 803 1942 praedo

185 1946 249 1999 Hoc
260 1961 274 1999 e
295 1961 311 1999 o
322 1948 346 1999 si
356 1949 460 2013 potiar,
470 1950 530 1996 tum
541 1962 585 1998 me
596 1946 631 1998 de
641 1946 744 2013 tigride
754 1951 805 1997 nat

186 2016 259 2067 Tum
270 1961 374 2069 {rrum
385 2021 415 2069 et
424 2016 553 2081 scopulos
563 2018 712 2083 gestarem
723 2015 805 2067 corde

188 2085 244 2136 Cur
254 2101 310 2137 non
321 2089 350 2138 et
358 2090 453 2153 specto
464 2083 645 2152 pereuntem!
660 2084 805 2153 oculosque

143 2151 176 2206 55
189 2153 373 2208 Conscelcroi
389 2170 438 2207 our
447 2170 504 2206 non
513 2159 610 2207 tauros
620 2152 754 2207 exhortor
764 2156 805 2205 in2

187 2224 409 2292 Terrigenosque
420 2223 508 2285 feros,
518 2224 723 2292 insopitumque
734 2223 802 2276 drac

186 2292 225 2343 Dr
236 2292 354 2345 meliora
361 2293 457 2346 velint.
477 2295 650 2361 Quemquam
661 2307 716 2345 non
727 2295 805 2360 istu}

189 2359 243 2412 Sed
259 2360 470 2414 faciendamihi.
490 2360 646 2415 Prodamne
658 2377 710 2432 ego
720 2377 805 2431 regno

190 2432 278 2497 Atque
289 2445 341 2498 ope
350 2433 443 2483 nescio
455 2432 516 2500 quis
526 2433 683 2485 servabitur
693 2431 800 2483 advene

136 2499 171 2551 40
186 2498 221 2550 Vt
227 2515 281 2568 per
291 2516 336 2556 me
346 2501 805 2572 sospes,sineme,deti'mteureu

174 2570 288 2643 Virque
298 2575 338 2629 sit
348 2574 492 2640 alterium
504 2565 805 2644 uccueerdcdeureim
