1926 3016
134 126 185 184 roo
235 196 246 213 l
316 103 705 182 aovrerruasoms
795 174 797 180 .

132 231 191 285 Neo
200 229 275 283 mala
285 229 458 283 mollieruntr
472 224 522 284 ¹se'd
531 231 703 284 inexorabile
713 230 802 284 dumis

72 308 122 363 245
132 303 253 354 Exerces
264 301 377 352 odium:·
388 315 441 352 nec
450 301 547 370 iniqua
556 303 619 352 finis
628 302 657 351 in
668 303 711 353 ira
722 307 774 354 est.

131 370 280 423 Detrectas
289 372 374 422 etiam
386 369 495 423 laudes:
510 371 658 438 fictamque
668 371 805 439 Medusae

130 440 231 508 Arguis
241 454 302 492 esse
312 454 416 492 necem.
436 439 571 492 Dabimus
580 440 631 492 tibi
641 439 759 508 pIgnora
768 440 841 506 νοτὶς

131 507 243 562 Parcite
253 509 417 572 luminibus,
428 508 546 561 Perseus
556 511 608 561 ait:
624 523 729 577 oraque
739 511 816 578 regis

132 578 189 631 0re
200 579 353 631 Medusaeo
362 579 469 631 silicem
480 580 540 631 sine
551 580 685 647 sanguine
695 578 770 631 iecit.

69 648 123 705 250
167 649 311 701 Hactenus
321 650 471 716 aurigenae
481 649 610 701 comitem
620 649 749 700 Tritonia
759 646 842 700 fratri

133 715 170 770 Se
181 718 271 769 dedite
285 717 351 770 inde
362 732 430 770 cava
440 718 612 770 circumdata
622 719 694 770 nube
705 716 843 784 Seriphon

97 794 105 801 ·
132 785 260 850 Deserit,
270 801 288 837 a
298 786 398 840 dextra
408 786 519 856 Cythno
531 787 683 856 Gyaroque
694 787 812 839 relictis.

132 856 248 924 Quaque
257 870 341 923 super
351 863 467 924 pontum
476 859 521 909 ria
531 860 591 909 risa
600 854 858 920 brevissimaThela

131 926 352 993 virgineumque
363 926 498 979 Helicona
508 929 592 994 petit3
608 940 663 996 quo
673 931 768 978 monte
778 927 858 996 potita

73 991 123 1047 255
133 995 277 1059 Constitit3
293 1000 322 1046 et
331 994 429 1048 doctas
438 997 480 1048 sic
490 1001 533 1048 est
542 995 628 1048 affata
638 1009 761 1047 sorores:

131 1064 220 1118 Fama
229 1065 293 1117 novi
304 1062 389 1116 fontis
398 1070 510 1119 nostras
520 1067 646 1133 pervenit
656 1065 692 1117 ad
702 1079 801 1128 aureas

130 1135 212 1187 Dura
222 1135 366 1187 Medusaei
376 1150 459 1203 quem
469 1138 608 1200 praepetis
619 1133 724 1202 ungula
734 1135 819 1200 rupit.

131 1205 160 1256 Is
170 1203 237 1255 mihi
247 1218 347 1256 caussa
356 1206 433 1258 riser
447 1203 523 1255 volui
533 1204 661 1254 mirabile
670 1208 829 1253 monstrum

133 1274 266 1327 Cernere:
282 1273 339 1325 vidi
348 1273 439 1340 ipsum
449 1277 576 1325 materno
587 1272 722 1339 sanguine
733 1273 820 1323 nasci.

68 1339 124 1393 aso
133 1343 245 1408 Excipit
253 1342 371 1396 Vrania:
388 1343 575 1409 Quaecunque
589 1346 633 1393 est
644 1355 743 1392 caussa
752 1339 858 1395 videndi

132 1411 264 1474 Has-tibi,
273 1411 353 1474 Dira,
364 1411 470 1474 domos,
480 1413 573 1462 animo
583 1411 743 1477 gratissima
753 1416 850 1464 nostm

132 1479 208 1533 Vera
217 1486 311 1532 tamen
321 1478 396 1531 fama
406 1484 462 1532 est:
477 1484 507 1532 et
515 1478 638 1546 Pegasus
648 1476 731 1530 huius
743 1480 826 1548 origo

132 1548 246 1611 Fontis,
256 1554 285 1600 et
295 1548 331 1600 ad
342 1548 439 1603 latices
447 1549 562 1602 deducit
571 1546 687 1602 Pallada
696 1562 802 1602 sacros.

134 1619 212 1680 Quae
224 1619 326 1669 mirato
336 1620 383 1670 diu
394 1618 482 1671 factas
492 1620 572 1688 pedis
581 1619 681 1671 ictibus
690 1619 791 1683 undas,

74 1683 125 1736 265
135 1686 274 1740 Silvarum
284 1687 362 1740 lucos
374 1690 560 1756 circumspicit
571 1691 758 1757 antiquarum,

134 1759 288 1825 Antraque,
303 1761 333 1809 et
340 1759 493 1811 innumeris
504 1753 649 1811 distinctas
658 1758 774 1811 floribus
785 1754 858 1811 heria

134 1826 299 1894 Felicesque
308 1833 389 1879 vocat
399 1829 505 1894 pariter
516 1828 669 1896 studiique,
679 1829 790 1896 locique

134 1896 341 1948 Mnemonidasr
358 1912 441 1965 quam
451 1899 491 1949 sic
502 1896 587 1948 affata
597 1903 641 1950 est
649 1912 704 1948 una
715 1911 858 1949 sororumr

134 1965 172 2018 0!
187 1966 278 2018 uisite
288 1968 378 2017 virtus
389 1981 474 2034 opera
484 1967 520 2018 ad
530 1969 637 2018 maiora
647 1967 767 2029 tulisset,

75 2037 166 2101 2701n
176 2041 284 2104 partem
294 2040 414 2088 ventura
423 2034 501 2087 chori
512 2038 642 2089 Tritonia
652 2036 749 2097 nostri,

135 2104 858 2173 Vererefers3meritoqueprobas,artesquelooumqr

134 2175 172 2228 Et
182 2181 290 2242 gratam
300 2178 419 2238 sortem,
429 2179 508 2226 tutae
518 2176 601 2227 modo
613 2178 712 2238 simus,
722 2172 857 2224 habemus

114 2262 121 2271 ⁷
135 2242 204 2307 Sed,
214 2245 332 2296 vetitum
343 2249 387 2295 est
396 2243 466 2295 adeo
477 2244 577 2296 sceleri
588 2243 670 2308 nihil,
681 2245 774 2295 omnia
783 2248 858 2295 terre

134 2313 284 2380 Virgineus
294 2317 416 2366 mentes:
431 2313 563 2381 dirusque
574 2318 638 2365 ante
649 2328 700 2365 ora
708 2312 854 2379 Pyreneus

76 2384 128 2446 275
136 2382 279 2434 Vertitur:
295 2387 324 2434 et
333 2382 456 2434 nondum
468 2397 512 2435 me
522 2388 583 2434 totu
593 2388 687 2435 mente
697 2383 801 2449 recepi.

136 2451 241 2504 Daulia
250 2449 395 2514 Threicio,
406 2449 570 2520 Phoceaque
579 2453 669 2504 milite
679 2465 747 2503 rura

138 2521 256 2587 Ceperat
265 2519 314 2571 ille
325 2520 418 2584 ferox,
428 2522 587 2588 iniustaque
596 2537 684 2589 regna
692 2520 816 2572 tenebat.

136 2588 256 2656 Templa
265 2589 427 2654 petebamus
437 2589 583 2642 Parnasia:
598 2591 667 2642 vidit
677 2595 789 2642 euntes:

136 2657 295 2729 Nostraque
305 2657 401 2713 fallaci
410 2664 558 2714 veneratus
567 2660 682 2715 numina
691 2659 779 2723 cultu,
