<?xml version="1.0" encoding="UTF-8"?>
<!DOCTYPE html PUBLIC "-//W3C//DTD XHTML 1.0 Transitional//EN"
    "http://www.w3.org/TR/xhtml1/DTD/xhtml1-transitional.dtd">
<html xmlns="http://www.w3.org/1999/xhtml" xml:lang="en" lang="en">
 <head>
  <title>
</title>
<meta http-equiv="Content-Type" content="text/html;charset=utf-8" />
  <meta name='ocr-system' content='tesseract 3.04.00' />
  <meta name='ocr-capabilities' content='ocr_page ocr_carea ocr_par ocr_line ocrx_word'/>
</head>
<body>
  <div class='ocr_page' id='page_1' title='image "./povidiinasonisq01ovidgoog_0015.png"; bbox 0 0 1926 3016; ppageno 0'>
   <div class='ocr_carea' id='block_1_1' title="bbox 120 125 764 185">
    <p class='ocr_par' dir='ltr' id='par_1_1' title="bbox 120 125 764 185">
     <span class='ocr_line' id='line_1_1' title="bbox 120 125 764 185; baseline -0.002 0"><span class='ocrx_word' id='word_1_1' title='bbox 120 133 138 185; x_wconf 83' lang='lat'>8</span> <span class='ocrx_word' id='word_1_2' title='bbox 304 125 699 184; x_wconf 76' lang='lat' dir='ltr'><strong>P.0VID11NASONIS</strong></span> <span class='ocrx_word' id='word_1_3' title='bbox 760 126 764 131; x_wconf 77' lang='grc'><strong>’</strong></span> 
     </span>
    </p>
   </div>
   <div class='ocr_carea' id='block_1_2' title="bbox 37 232 885 2381">
    <p class='ocr_par' dir='ltr' id='par_1_2' title="bbox 37 232 885 2381">
     <span class='ocr_line' id='line_1_2' title="bbox 120 232 811 303; baseline 0 -15"><span class='ocrx_word' id='word_1_4' title='bbox 120 237 192 288; x_wconf 84' lang='lat' dir='ltr'><strong>Aere</strong></span> <span class='ocrx_word' id='word_1_5' title='bbox 201 233 379 303; x_wconf 81' lang='lat' dir='ltr'><strong>legebantur:</strong></span> <span class='ocrx_word' id='word_1_6' title='bbox 394 247 447 284; x_wconf 92' lang='lat' dir='ltr'><strong>nec</strong></span> <span class='ocrx_word' id='word_1_7' title='bbox 456 232 574 300; x_wconf 77' lang='lat' dir='ltr'>supplex</span> <span class='ocrx_word' id='word_1_8' title='bbox 583 234 666 286; x_wconf 87' lang='lat' dir='ltr'><strong>turba</strong></span> <span class='ocrx_word' id='word_1_9' title='bbox 674 234 811 288; x_wconf 82' lang='lat' dir='ltr'><strong>timebant</strong></span> 
     </span>
     <span class='ocr_line' id='line_1_3' title="bbox 119 301 763 359; baseline -0.006 -1"><span class='ocrx_word' id='word_1_10' title='bbox 119 303 222 359; x_wconf 87' lang='lat' dir='ltr'><strong>Iudicis</strong></span> <span class='ocrx_word' id='word_1_11' title='bbox 232 318 283 355; x_wconf 90' lang='lat' dir='ltr'><strong>ora</strong></span> <span class='ocrx_word' id='word_1_12' title='bbox 293 305 348 354; x_wconf 73' lang='lat' dir='ltr'><strong>suis</strong></span> <span class='ocrx_word' id='word_1_13' title='bbox 363 301 412 354; x_wconf 83' lang='lat' dir='ltr'><strong>sed</strong></span> <span class='ocrx_word' id='word_1_14' title='bbox 423 309 503 354; x_wconf 88' lang='lat' dir='ltr'><strong>erant</strong></span> <span class='ocrx_word' id='word_1_15' title='bbox 513 304 573 354; x_wconf 85' lang='lat' dir='ltr'><strong>sinc</strong></span> <span class='ocrx_word' id='word_1_16' title='bbox 583 304 690 356; x_wconf 78' lang='lat' dir='ltr'><strong>vindice</strong></span> <span class='ocrx_word' id='word_1_17' title='bbox 700 306 763 354; x_wconf 90' lang='lat' dir='ltr'><strong>tuti.</strong></span> 
     </span>
     <span class='ocr_line' id='line_1_4' title="bbox 120 373 885 440; baseline 0.003 -14"><span class='ocrx_word' id='word_1_18' title='bbox 120 373 251 426; x_wconf 87' lang='lat' dir='ltr'><strong>Nondum</strong></span> <span class='ocrx_word' id='word_1_19' title='bbox 261 387 343 426; x_wconf 85' lang='lat' dir='ltr'><strong>caesa</strong></span> <span class='ocrx_word' id='word_1_20' title='bbox 353 373 424 434; x_wconf 89' lang='lat' dir='ltr'><strong>suis,</strong></span> <span class='ocrx_word' id='word_1_21' title='bbox 434 374 614 440; x_wconf 88' lang='lat' dir='ltr'><strong>peregrinum</strong></span> <span class='ocrx_word' id='word_1_22' title='bbox 624 380 656 423; x_wconf 90' lang='lat' dir='ltr'><strong>ut</strong></span> <span class='ocrx_word' id='word_1_23' title='bbox 664 375 767 426; x_wconf 82' lang='lat' dir='ltr'><strong>viseret</strong></span> <span class='ocrx_word' id='word_1_24' title='bbox 778 375 885 440; x_wconf 86' lang='lat' dir='ltr'><strong>orbem,</strong></span> 
     </span>
     <span class='ocr_line' id='line_1_5' title="bbox 77 441 847 515; baseline -0.004 -18"><span class='ocrx_word' id='word_1_25' title='bbox 77 445 110 515; x_wconf 82' lang='lat'><strong>95</strong></span> <span class='ocrx_word' id='word_1_26' title='bbox 120 444 278 505; x_wconf 77' lang='lat' dir='ltr'><strong>Montibus,</strong></span> <span class='ocrx_word' id='word_1_27' title='bbox 288 443 316 492; x_wconf 89' lang='lat' dir='ltr'><strong>in</strong></span> <span class='ocrx_word' id='word_1_28' title='bbox 328 442 347 492; x_wconf 94' lang='lat' dir='ltr'><strong>li</strong></span> <span class='ocrx_word' id='word_1_29' title='bbox 369 441 448 492; x_wconf 90' lang='lat' dir='ltr'><strong>uidas</strong></span> <span class='ocrx_word' id='word_1_30' title='bbox 458 443 541 509; x_wconf 90' lang='lat' dir='ltr'><strong>pinus</strong></span> <span class='ocrx_word' id='word_1_31' title='bbox 552 441 735 494; x_wconf 74' lang='lat' dir='ltr'><strong>descenderat</strong></span> <span class='ocrx_word' id='word_1_32' title='bbox 744 443 847 495; x_wconf 80' lang='lat' dir='ltr'><strong>undas:</strong></span> 
     </span>
     <span class='ocr_line' id='line_1_6' title="bbox 119 459 841 580; baseline 0 -16"><span class='ocrx_word' id='word_1_33' title='bbox 119 511 259 580; x_wconf 88' lang='lat' dir='ltr'><strong>Nullaque</strong></span> <span class='ocrx_word' id='word_1_34' title='bbox 269 459 538 578; x_wconf 69' lang='lat' dir='ltr'><strong>nrortades,practer</strong></span> <span class='ocrx_word' id='word_1_35' title='bbox 548 511 722 573; x_wconf 88' lang='lat' dir='ltr'><strong>sua,littora</strong></span> <span class='ocrx_word' id='word_1_36' title='bbox 732 518 841 564; x_wconf 86' lang='lat' dir='ltr'><strong>norant.</strong></span> 
     </span>
     <span class='ocr_line' id='line_1_7' title="bbox 120 580 815 648; baseline 0 -14"><span class='ocrx_word' id='word_1_37' title='bbox 120 581 252 634; x_wconf 87' lang='lat' dir='ltr'><strong>Nondum</strong></span> <span class='ocrx_word' id='word_1_38' title='bbox 262 582 429 648; x_wconf 88' lang='lat' dir='ltr'><strong>praecipites</strong></span> <span class='ocrx_word' id='word_1_39' title='bbox 440 581 588 647; x_wconf 80' lang='lat' dir='ltr'>cingebant</span> <span class='ocrx_word' id='word_1_40' title='bbox 599 582 700 647; x_wconf 91' lang='lat' dir='ltr'><strong>oppida</strong></span> <span class='ocrx_word' id='word_1_41' title='bbox 710 580 815 647; x_wconf 65' lang='lat' dir='ltr'><strong>fossae}</strong></span> 
     </span>
     <span class='ocr_line' id='line_1_8' title="bbox 121 649 735 714; baseline -0.005 -12"><span class='ocrx_word' id='word_1_42' title='bbox 121 649 184 702; x_wconf 89' lang='lat' dir='ltr'><strong>Non</strong></span> <span class='ocrx_word' id='word_1_43' title='bbox 195 651 264 701; x_wconf 90' lang='lat' dir='ltr'><strong>tuba</strong></span> <span class='ocrx_word' id='word_1_44' title='bbox 272 651 385 714; x_wconf 82' lang='lat' dir='ltr'><strong>directi,</strong></span> <span class='ocrx_word' id='word_1_45' title='bbox 397 664 452 700; x_wconf 93' lang='lat' dir='ltr'><strong>non</strong></span> <span class='ocrx_word' id='word_1_46' title='bbox 462 651 535 700; x_wconf 89' lang='lat' dir='ltr'><strong>acris</strong></span> <span class='ocrx_word' id='word_1_47' title='bbox 545 664 651 700; x_wconf 88' lang='lat' dir='ltr'><strong>cornua</strong></span> <span class='ocrx_word' id='word_1_48' title='bbox 661 650 735 712; x_wconf 84' lang='lat' dir='ltr'><strong>llexi,</strong></span> 
     </span>
     <span class='ocr_line' id='line_1_9' title="bbox 121 717 822 787; baseline -0.001 -16"><span class='ocrx_word' id='word_1_49' title='bbox 121 719 185 772; x_wconf 91' lang='lat' dir='ltr'><strong>Non</strong></span> <span class='ocrx_word' id='word_1_50' title='bbox 195 720 307 787; x_wconf 77' lang='lat' dir='ltr'><strong>galeae,</strong></span> <span class='ocrx_word' id='word_1_51' title='bbox 316 735 372 770; x_wconf 93' lang='lat' dir='ltr'><strong>non</strong></span> <span class='ocrx_word' id='word_1_52' title='bbox 384 720 471 780; x_wconf 89' lang='lat' dir='ltr'><strong>ensis,</strong></span> <span class='ocrx_word' id='word_1_53' title='bbox 481 724 568 768; x_wconf 90' lang='lat' dir='ltr'><strong>erant.</strong></span> <span class='ocrx_word' id='word_1_54' title='bbox 589 717 655 770; x_wconf 86' lang='lat' dir='ltr'><strong>Sine</strong></span> <span class='ocrx_word' id='word_1_55' title='bbox 665 719 760 770; x_wconf 88' lang='lat' dir='ltr'><strong>militis</strong></span> <span class='ocrx_word' id='word_1_56' title='bbox 770 733 822 771; x_wconf 84' lang='lat' dir='ltr'><strong>usu</strong></span> 
     </span>
     <span class='ocr_line' id='line_1_10' title="bbox 62 788 713 855; baseline -0.002 -14"><span class='ocrx_word' id='word_1_57' title='bbox 62 810 111 846; x_wconf 87' lang='lat' dir='ltr'><strong>roo</strong></span> <span class='ocrx_word' id='word_1_58' title='bbox 121 788 222 842; x_wconf 85' lang='lat' dir='ltr'><strong>Mollia</strong></span> <span class='ocrx_word' id='word_1_59' title='bbox 233 803 348 839; x_wconf 88' lang='lat' dir='ltr'><strong>securae</strong></span> <span class='ocrx_word' id='word_1_60' title='bbox 358 788 529 855; x_wconf 83' lang='lat' dir='ltr'><strong>peragebant</strong></span> <span class='ocrx_word' id='word_1_61' title='bbox 539 788 597 838; x_wconf 90' lang='lat' dir='ltr'><strong>otia</strong></span> <span class='ocrx_word' id='word_1_62' title='bbox 607 794 713 855; x_wconf 80' lang='lat' dir='ltr'><strong>gentes.</strong></span> 
     </span>
     <span class='ocr_line' id='line_1_11' title="bbox 121 855 884 926; baseline -0.001 -15"><span class='ocrx_word' id='word_1_63' title='bbox 121 860 184 926; x_wconf 84' lang='lat' dir='ltr'><strong>lpsa</strong></span> <span class='ocrx_word' id='word_1_64' title='bbox 195 871 305 925; x_wconf 89' lang='lat' dir='ltr'><strong>quoque</strong></span> <span class='ocrx_word' id='word_1_65' title='bbox 316 858 459 919; x_wconf 86' lang='lat' dir='ltr'><strong>innnunis,</strong></span> <span class='ocrx_word' id='word_1_66' title='bbox 469 861 615 925; x_wconf 88' lang='lat' dir='ltr'><strong>rastroque</strong></span> <span class='ocrx_word' id='word_1_67' title='bbox 626 859 746 921; x_wconf 85' lang='lat' dir='ltr'><strong>intacta,</strong></span> <span class='ocrx_word' id='word_1_68' title='bbox 756 873 808 910; x_wconf 90' lang='lat' dir='ltr'><strong>nec</strong></span> <span class='ocrx_word' id='word_1_69' title='bbox 816 855 884 910; x_wconf 87' lang='lat' dir='ltr'><strong>ullis</strong></span> 
     </span>
     <span class='ocr_line' id='line_1_12' title="bbox 121 927 806 993; baseline -0.004 -13"><span class='ocrx_word' id='word_1_70' title='bbox 121 927 221 980; x_wconf 86' lang='lat' dir='ltr'><strong>Saucia</strong></span> <span class='ocrx_word' id='word_1_71' title='bbox 230 927 401 989; x_wconf 82' lang='lat' dir='ltr'><strong>vomeribus,</strong></span> <span class='ocrx_word' id='word_1_72' title='bbox 410 940 462 993; x_wconf 88' lang='lat' dir='ltr'><strong>per</strong></span> <span class='ocrx_word' id='word_1_73' title='bbox 471 941 501 978; x_wconf 86' lang='lat' dir='ltr'><strong>se</strong></span> <span class='ocrx_word' id='word_1_74' title='bbox 512 927 597 977; x_wconf 87' lang='lat' dir='ltr'><strong>dabat</strong></span> <span class='ocrx_word' id='word_1_75' title='bbox 607 929 700 978; x_wconf 89' lang='lat' dir='ltr'><strong>omnia</strong></span> <span class='ocrx_word' id='word_1_76' title='bbox 709 927 806 979; x_wconf 86' lang='lat' dir='ltr'><strong>tellus:</strong></span> 
     </span>
     <span class='ocr_line' id='line_1_13' title="bbox 121 994 753 1064; baseline 0 -17"><span class='ocrx_word' id='word_1_77' title='bbox 121 998 305 1064; x_wconf 80' lang='lat' dir='ltr'><strong>Contentique</strong></span> <span class='ocrx_word' id='word_1_78' title='bbox 316 997 398 1058; x_wconf 90' lang='lat' dir='ltr'><strong>cibis,</strong></span> <span class='ocrx_word' id='word_1_79' title='bbox 409 994 487 1045; x_wconf 92' lang='lat' dir='ltr'><strong>nullo</strong></span> <span class='ocrx_word' id='word_1_80' title='bbox 500 1003 631 1063; x_wconf 85' lang='lat' dir='ltr'><strong>cogente,</strong></span> <span class='ocrx_word' id='word_1_81' title='bbox 642 999 753 1059; x_wconf 89' lang='lat' dir='ltr'><strong>creatis,</strong></span> 
     </span>
     <span class='ocr_line' id='line_1_14' title="bbox 120 1064 817 1134; baseline -0.004 -16"><span class='ocrx_word' id='word_1_82' title='bbox 120 1067 258 1119; x_wconf 77' lang='lat' dir='ltr'><strong>Arbutcos</strong></span> <span class='ocrx_word' id='word_1_83' title='bbox 270 1064 375 1128; x_wconf 79' lang='lat' dir='ltr'><strong>foetus,</strong></span> <span class='ocrx_word' id='word_1_84' title='bbox 386 1068 573 1131; x_wconf 88' lang='lat' dir='ltr'><strong>montanaque</strong></span> <span class='ocrx_word' id='word_1_85' title='bbox 585 1065 666 1133; x_wconf 88' lang='lat' dir='ltr'><strong>fraga</strong></span> <span class='ocrx_word' id='word_1_86' title='bbox 675 1067 817 1134; x_wconf 83' lang='lat' dir='ltr'><strong>legebant,</strong></span> 
     </span>
     <span class='ocr_line' id='line_1_15' title="bbox 63 1132 821 1204; baseline -0.007 -14"><span class='ocrx_word' id='word_1_87' title='bbox 63 1141 110 1193; x_wconf 81' lang='lat'><strong>105</strong></span> <span class='ocrx_word' id='word_1_88' title='bbox 121 1136 280 1204; x_wconf 81' lang='lat' dir='ltr'><strong>Cornaque,</strong></span> <span class='ocrx_word' id='word_1_89' title='bbox 291 1139 320 1187; x_wconf 90' lang='lat' dir='ltr'><strong>et</strong></span> <span class='ocrx_word' id='word_1_90' title='bbox 330 1136 358 1184; x_wconf 93' lang='lat' dir='ltr'><strong>in</strong></span> <span class='ocrx_word' id='word_1_91' title='bbox 370 1133 447 1186; x_wconf 91' lang='lat' dir='ltr'><strong>duris</strong></span> <span class='ocrx_word' id='word_1_92' title='bbox 458 1132 603 1186; x_wconf 82' lang='lat' dir='ltr'><strong>haerentia</strong></span> <span class='ocrx_word' id='word_1_93' title='bbox 613 1151 691 1187; x_wconf 88' lang='lat' dir='ltr'><strong>mora</strong></span> <span class='ocrx_word' id='word_1_94' title='bbox 702 1136 821 1198; x_wconf 85' lang='lat' dir='ltr'><strong>rubetis3</strong></span> 
     </span>
     <span class='ocr_line' id='line_1_16' title="bbox 76 1203 848 1271; baseline -0.004 -14"><span class='ocrx_word' id='word_1_95' title='bbox 76 1265 78 1270; x_wconf 68' lang='lat'><strong>,</strong></span> <span class='ocrx_word' id='word_1_96' title='bbox 119 1207 157 1257; x_wconf 85' lang='lat' dir='ltr'><strong>Et</strong></span> <span class='ocrx_word' id='word_1_97' title='bbox 168 1220 239 1271; x_wconf 91' lang='lat' dir='ltr'><strong>quae</strong></span> <span class='ocrx_word' id='word_1_98' title='bbox 250 1204 412 1257; x_wconf 87' lang='lat' dir='ltr'><strong>deciderant</strong></span> <span class='ocrx_word' id='word_1_99' title='bbox 422 1204 519 1271; x_wconf 92' lang='lat' dir='ltr'><strong>patula</strong></span> <span class='ocrx_word' id='word_1_100' title='bbox 529 1206 601 1255; x_wconf 86' lang='lat' dir='ltr'><strong>lovis</strong></span> <span class='ocrx_word' id='word_1_101' title='bbox 612 1207 712 1256; x_wconf 87' lang='lat' dir='ltr'><strong>arbore</strong></span> <span class='ocrx_word' id='word_1_102' title='bbox 723 1203 848 1271; x_wconf 89' lang='lat' dir='ltr'><strong>glandes.</strong></span> 
     </span>
     <span class='ocr_line' id='line_1_17' title="bbox 120 1273 845 1341; baseline -0.006 -13"><span class='ocrx_word' id='word_1_103' title='bbox 120 1275 178 1328; x_wconf 87' lang='lat' dir='ltr'><strong>Ver</strong></span> <span class='ocrx_word' id='word_1_104' title='bbox 189 1283 251 1326; x_wconf 88' lang='lat' dir='ltr'><strong>erat</strong></span> <span class='ocrx_word' id='word_1_105' title='bbox 262 1281 420 1335; x_wconf 86' lang='lat' dir='ltr'><strong>aeternum,</strong></span> <span class='ocrx_word' id='word_1_106' title='bbox 431 1273 588 1341; x_wconf 86' lang='lat' dir='ltr'><strong>placidique</strong></span> <span class='ocrx_word' id='word_1_107' title='bbox 599 1275 758 1340; x_wconf 89' lang='lat' dir='ltr'><strong>tepentibus</strong></span> <span class='ocrx_word' id='word_1_108' title='bbox 768 1274 845 1324; x_wconf 84' lang='lat' dir='ltr'><strong>auris</strong></span> 
     </span>
     <span class='ocr_line' id='line_1_18' title="bbox 71 1342 796 1408; baseline -0.004 -12"><span class='ocrx_word' id='word_1_109' title='bbox 71 1367 72 1370; x_wconf 43' lang='lat'>¹</span> <span class='ocrx_word' id='word_1_110' title='bbox 120 1342 282 1396; x_wconf 85' lang='lat' dir='ltr'><strong>Mulcebant</strong></span> <span class='ocrx_word' id='word_1_111' title='bbox 292 1342 415 1408; x_wconf 84' lang='lat' dir='ltr'><strong>Zephyri</strong></span> <span class='ocrx_word' id='word_1_112' title='bbox 426 1348 506 1392; x_wconf 86' lang='lat' dir='ltr'><strong>natos</strong></span> <span class='ocrx_word' id='word_1_113' title='bbox 517 1345 577 1393; x_wconf 82' lang='lat' dir='ltr'><strong>eine</strong></span> <span class='ocrx_word' id='word_1_114' title='bbox 587 1346 692 1394; x_wconf 88' lang='lat' dir='ltr'><strong>semine</strong></span> <span class='ocrx_word' id='word_1_115' title='bbox 703 1343 796 1395; x_wconf 84' lang='lat' dir='ltr'><strong>liores.</strong></span> 
     </span>
     <span class='ocr_line' id='line_1_19' title="bbox 119 1409 738 1478; baseline -0.005 -16"><span class='ocrx_word' id='word_1_116' title='bbox 119 1412 189 1463; x_wconf 82' lang='lat' dir='ltr'><strong>Mox</strong></span> <span class='ocrx_word' id='word_1_117' title='bbox 199 1415 285 1464; x_wconf 83' lang='lat' dir='ltr'><strong>etiarn</strong></span> <span class='ocrx_word' id='word_1_118' title='bbox 297 1411 392 1478; x_wconf 84' lang='lat' dir='ltr'><strong>fruges</strong></span> <span class='ocrx_word' id='word_1_119' title='bbox 402 1409 486 1461; x_wconf 87' lang='lat' dir='ltr'><strong>tellus</strong></span> <span class='ocrx_word' id='word_1_120' title='bbox 498 1412 608 1460; x_wconf 86' lang='lat' dir='ltr'><strong>inarata</strong></span> <span class='ocrx_word' id='word_1_121' title='bbox 618 1413 738 1461; x_wconf 83' lang='lat' dir='ltr'><strong>ferebat:</strong></span> 
     </span>
     <span class='ocr_line' id='line_1_20' title="bbox 64 1477 790 1546; baseline -0.01 -11"><span class='ocrx_word' id='word_1_122' title='bbox 64 1500 110 1535; x_wconf 87' lang='lat' dir='ltr'><strong>rro</strong></span> <span class='ocrx_word' id='word_1_123' title='bbox 121 1481 178 1533; x_wconf 88' lang='lat' dir='ltr'><strong>Nec</strong></span> <span class='ocrx_word' id='word_1_124' title='bbox 189 1485 338 1531; x_wconf 84' lang='lat' dir='ltr'><strong>renovatus</strong></span> <span class='ocrx_word' id='word_1_125' title='bbox 349 1494 416 1546; x_wconf 86' lang='lat' dir='ltr'><strong>ager</strong></span> <span class='ocrx_word' id='word_1_126' title='bbox 426 1477 548 1546; x_wconf 85' lang='lat' dir='ltr'><strong>gravidis</strong></span> <span class='ocrx_word' id='word_1_127' title='bbox 560 1479 678 1530; x_wconf 87' lang='lat' dir='ltr'><strong>canebat</strong></span> <span class='ocrx_word' id='word_1_128' title='bbox 688 1479 790 1530; x_wconf 87' lang='lat' dir='ltr'><strong>aristis.</strong></span> 
     </span>
     <span class='ocr_line' id='line_1_21' title="bbox 118 1546 843 1610; baseline -0.003 -9"><span class='ocrx_word' id='word_1_129' title='bbox 118 1551 250 1603; x_wconf 82' lang='lat' dir='ltr'><strong>Flumina</strong></span> <span class='ocrx_word' id='word_1_130' title='bbox 260 1551 314 1600; x_wconf 89' lang='lat' dir='ltr'><strong>iarn</strong></span> <span class='ocrx_word' id='word_1_131' title='bbox 326 1548 419 1610; x_wconf 89' lang='lat' dir='ltr'><strong>lactis,</strong></span> <span class='ocrx_word' id='word_1_132' title='bbox 430 1550 485 1598; x_wconf 88' lang='lat' dir='ltr'><strong>iam</strong></span> <span class='ocrx_word' id='word_1_133' title='bbox 496 1546 611 1598; x_wconf 75' lang='lat' dir='ltr'><strong>flumina</strong></span> <span class='ocrx_word' id='word_1_134' title='bbox 622 1550 742 1600; x_wconf 86' lang='lat' dir='ltr'><strong>nectaris</strong></span> <span class='ocrx_word' id='word_1_135' title='bbox 752 1548 843 1601; x_wconf 79' lang='lat' dir='ltr'><strong>ibant:</strong></span> 
     </span>
     <span class='ocr_line' id='line_1_22' title="bbox 120 1617 734 1686; baseline -0.005 -15"><span class='ocrx_word' id='word_1_136' title='bbox 120 1619 262 1686; x_wconf 86' lang='lat' dir='ltr'><strong>Flavaque</strong></span> <span class='ocrx_word' id='word_1_137' title='bbox 274 1619 308 1669; x_wconf 89' lang='lat' dir='ltr'><strong>de</strong></span> <span class='ocrx_word' id='word_1_138' title='bbox 317 1617 400 1668; x_wconf 87' lang='lat' dir='ltr'><strong>viridi</strong></span> <span class='ocrx_word' id='word_1_139' title='bbox 410 1617 557 1670; x_wconf 76' lang='lat' dir='ltr'><strong>stillabant</strong></span> <span class='ocrx_word' id='word_1_140' title='bbox 566 1618 629 1670; x_wconf 87' lang='lat' dir='ltr'><strong>ilice</strong></span> <span class='ocrx_word' id='word_1_141' title='bbox 640 1618 734 1669; x_wconf 88' lang='lat' dir='ltr'><strong>rnclla.</strong></span> 
     </span>
     <span class='ocr_line' id='line_1_23' title="bbox 153 1686 884 1755; baseline -0.001 -14"><span class='ocrx_word' id='word_1_142' title='bbox 153 1688 315 1755; x_wconf 87' lang='lat' dir='ltr'><strong>Postquam,</strong></span> <span class='ocrx_word' id='word_1_143' title='bbox 327 1686 449 1739; x_wconf 83' lang='lat' dir='ltr'><strong>Saturno</strong></span> <span class='ocrx_word' id='word_1_144' title='bbox 461 1687 611 1739; x_wconf 87' lang='lat' dir='ltr'><strong>tenebrosa</strong></span> <span class='ocrx_word' id='word_1_145' title='bbox 621 1690 649 1738; x_wconf 91' lang='lat' dir='ltr'><strong>in</strong></span> <span class='ocrx_word' id='word_1_146' title='bbox 660 1690 781 1740; x_wconf 86' lang='lat' dir='ltr'><strong>Tartara</strong></span> <span class='ocrx_word' id='word_1_147' title='bbox 790 1687 884 1752; x_wconf 86' lang='lat' dir='ltr'><strong>misso,</strong></span> 
     </span>
     <span class='ocr_line' id='line_1_24' title="bbox 120 1757 826 1826; baseline -0.004 -15"><span class='ocrx_word' id='word_1_148' title='bbox 120 1757 177 1811; x_wconf 88' lang='lat' dir='ltr'><strong>Sub</strong></span> <span class='ocrx_word' id='word_1_149' title='bbox 189 1759 253 1809; x_wconf 87' lang='lat' dir='ltr'><strong>love</strong></span> <span class='ocrx_word' id='word_1_150' title='bbox 264 1758 383 1809; x_wconf 88' lang='lat' dir='ltr'><strong>mundus</strong></span> <span class='ocrx_word' id='word_1_151' title='bbox 394 1761 469 1820; x_wconf 81' lang='lat' dir='ltr'><strong>erat3</strong></span> <span class='ocrx_word' id='word_1_152' title='bbox 484 1758 570 1807; x_wconf 82' lang='lat' dir='ltr'><strong>subiit</strong></span> <span class='ocrx_word' id='word_1_153' title='bbox 580 1763 714 1825; x_wconf 87' lang='lat' dir='ltr'><strong>argentea</strong></span> <span class='ocrx_word' id='word_1_154' title='bbox 723 1757 826 1826; x_wconf 83' lang='lat' dir='ltr'><strong>proles,</strong></span> 
     </span>
     <span class='ocr_line' id='line_1_25' title="bbox 63 1825 674 1894; baseline -0.011 -10"><span class='ocrx_word' id='word_1_155' title='bbox 63 1830 111 1884; x_wconf 77' lang='lat'><strong>115</strong></span> <span class='ocrx_word' id='word_1_156' title='bbox 119 1831 194 1882; x_wconf 84' lang='lat' dir='ltr'><strong>Auro</strong></span> <span class='ocrx_word' id='word_1_157' title='bbox 206 1827 342 1889; x_wconf 83' lang='lat' dir='ltr'><strong>deterior,</strong></span> <span class='ocrx_word' id='word_1_158' title='bbox 355 1825 431 1878; x_wconf 79' lang='lat' dir='ltr'><strong>fulvo</strong></span> <span class='ocrx_word' id='word_1_159' title='bbox 442 1829 592 1894; x_wconf 77' lang='lat' dir='ltr'><strong>pretiosior</strong></span> <span class='ocrx_word' id='word_1_160' title='bbox 602 1843 674 1879; x_wconf 88' lang='lat' dir='ltr'><strong>aere.</strong></span> 
     </span>
     <span class='ocr_line' id='line_1_26' title="bbox 37 1897 730 1964; baseline -0.007 -13"><span class='ocrx_word' id='word_1_161' title='bbox 37 1950 39 1954; x_wconf 71' lang='grc'><strong>,</strong></span> <span class='ocrx_word' id='word_1_162' title='bbox 118 1898 225 1964; x_wconf 88' lang='lat' dir='ltr'><strong>lupiter</strong></span> <span class='ocrx_word' id='word_1_163' title='bbox 235 1897 343 1963; x_wconf 88' lang='lat' dir='ltr'><strong>antiqui</strong></span> <span class='ocrx_word' id='word_1_164' title='bbox 354 1898 495 1947; x_wconf 86' lang='lat' dir='ltr'><strong>contraxit</strong></span> <span class='ocrx_word' id='word_1_165' title='bbox 504 1902 634 1962; x_wconf 85' lang='lat' dir='ltr'><strong>tempora</strong></span> <span class='ocrx_word' id='word_1_166' title='bbox 643 1897 730 1948; x_wconf 82' lang='lat' dir='ltr'><strong>reris:</strong></span> 
     </span>
     <span class='ocr_line' id='line_1_27' title="bbox 119 1963 874 2035; baseline -0.004 -14"><span class='ocrx_word' id='word_1_167' title='bbox 119 1968 230 2035; x_wconf 87' lang='lat' dir='ltr'><strong>Perque</strong></span> <span class='ocrx_word' id='word_1_168' title='bbox 241 1963 354 2027; x_wconf 88' lang='lat' dir='ltr'><strong>hiemes,</strong></span> <span class='ocrx_word' id='word_1_169' title='bbox 360 1971 517 2033; x_wconf 88' lang='lat' dir='ltr'><strong>aestusque,</strong></span> <span class='ocrx_word' id='word_1_170' title='bbox 524 1971 553 2016; x_wconf 89' lang='lat' dir='ltr'><strong>et</strong></span> <span class='ocrx_word' id='word_1_171' title='bbox 558 1967 719 2033; x_wconf 85' lang='lat' dir='ltr'><strong>inaequales</strong></span> <span class='ocrx_word' id='word_1_172' title='bbox 725 1969 874 2018; x_wconf 77' lang='lat' dir='ltr'><strong>autumnos</strong></span> 
     </span>
     <span class='ocr_line' id='line_1_28' title="bbox 120 2036 786 2103; baseline -0.006 -13"><span class='ocrx_word' id='word_1_173' title='bbox 120 2038 157 2090; x_wconf 83' lang='lat' dir='ltr'><strong>Et</strong></span> <span class='ocrx_word' id='word_1_174' title='bbox 168 2036 252 2088; x_wconf 86' lang='lat' dir='ltr'><strong>breve</strong></span> <span class='ocrx_word' id='word_1_175' title='bbox 262 2050 322 2098; x_wconf 78' lang='lat' dir='ltr'><strong>ver,</strong></span> <span class='ocrx_word' id='word_1_176' title='bbox 332 2037 428 2101; x_wconf 84' lang='lat' dir='ltr'><strong>spatiis</strong></span> <span class='ocrx_word' id='word_1_177' title='bbox 439 2037 533 2102; x_wconf 84' lang='lat' dir='ltr'><strong>exegit</strong></span> <span class='ocrx_word' id='word_1_178' title='bbox 543 2041 665 2103; x_wconf 88' lang='lat' dir='ltr'><strong>quatuor</strong></span> <span class='ocrx_word' id='word_1_179' title='bbox 676 2051 786 2086; x_wconf 78' lang='lat' dir='ltr'><strong>annuns.</strong></span> 
     </span>
     <span class='ocr_line' id='line_1_29' title="bbox 120 2104 731 2173; baseline -0.007 -15"><span class='ocrx_word' id='word_1_180' title='bbox 120 2108 192 2158; x_wconf 85' lang='lat' dir='ltr'><strong>Turn</strong></span> <span class='ocrx_word' id='word_1_181' title='bbox 204 2106 325 2173; x_wconf 87' lang='lat' dir='ltr'><strong>primurn</strong></span> <span class='ocrx_word' id='word_1_182' title='bbox 335 2105 415 2157; x_wconf 86' lang='lat' dir='ltr'><strong>siccis</strong></span> <span class='ocrx_word' id='word_1_183' title='bbox 426 2109 474 2157; x_wconf 75' lang='lat' dir='ltr'><strong>air</strong></span> <span class='ocrx_word' id='word_1_184' title='bbox 485 2104 640 2156; x_wconf 82' lang='lat' dir='ltr'><strong>fervoribus</strong></span> <span class='ocrx_word' id='word_1_185' title='bbox 652 2111 731 2154; x_wconf 87' lang='lat' dir='ltr'><strong>ustus</strong></span> 
     </span>
     <span class='ocr_line' id='line_1_30' title="bbox 65 2173 808 2245; baseline -0.009 -14"><span class='ocrx_word' id='word_1_186' title='bbox 65 2193 113 2236; x_wconf 75' lang='lat'><strong>120</strong></span> <span class='ocrx_word' id='word_1_187' title='bbox 122 2175 254 2227; x_wconf 80' lang='lat' dir='ltr'><strong>Canduit:</strong></span> <span class='ocrx_word' id='word_1_188' title='bbox 270 2180 298 2227; x_wconf 92' lang='lat' dir='ltr'><strong>ct</strong></span> <span class='ocrx_word' id='word_1_189' title='bbox 308 2176 399 2227; x_wconf 82' lang='lat' dir='ltr'><strong>ventis</strong></span> <span class='ocrx_word' id='word_1_190' title='bbox 409 2175 513 2245; x_wconf 89' lang='lat' dir='ltr'><strong>glacies</strong></span> <span class='ocrx_word' id='word_1_191' title='bbox 523 2174 658 2226; x_wconf 87' lang='lat' dir='ltr'><strong>adstricta</strong></span> <span class='ocrx_word' id='word_1_192' title='bbox 667 2173 808 2240; x_wconf 86' lang='lat' dir='ltr'><strong>pependit.</strong></span> 
     </span>
     <span class='ocr_line' id='line_1_31' title="bbox 121 2242 858 2312; baseline -0.004 -15"><span class='ocrx_word' id='word_1_193' title='bbox 121 2247 194 2297; x_wconf 84' lang='lat' dir='ltr'><strong>Turn</strong></span> <span class='ocrx_word' id='word_1_194' title='bbox 201 2247 319 2312; x_wconf 82' lang='lat' dir='ltr'><strong>primunr</strong></span> <span class='ocrx_word' id='word_1_195' title='bbox 325 2245 548 2298; x_wconf 86' lang='lat' dir='ltr'><strong>subieredornos.</strong></span> <span class='ocrx_word' id='word_1_196' title='bbox 560 2242 858 2296; x_wconf 83' lang='lat' dir='ltr'><strong>Domusantrasuerun</strong></span> 
     </span>
     <span class='ocr_line' id='line_1_32' title="bbox 122 2314 771 2381; baseline -0.005 -14"><span class='ocrx_word' id='word_1_197' title='bbox 122 2317 159 2368; x_wconf 86' lang='lat' dir='ltr'><strong>Et</strong></span> <span class='ocrx_word' id='word_1_198' title='bbox 169 2314 247 2364; x_wconf 86' lang='lat' dir='ltr'><strong>densi</strong></span> <span class='ocrx_word' id='word_1_199' title='bbox 259 2314 387 2378; x_wconf 85' lang='lat' dir='ltr'><strong>frutices,</strong></span> <span class='ocrx_word' id='word_1_200' title='bbox 397 2321 426 2368; x_wconf 87' lang='lat' dir='ltr'><strong>et</strong></span> <span class='ocrx_word' id='word_1_201' title='bbox 433 2318 541 2366; x_wconf 75' lang='lat' dir='ltr'><strong>vinctae</strong></span> <span class='ocrx_word' id='word_1_202' title='bbox 553 2315 656 2366; x_wconf 88' lang='lat' dir='ltr'><strong>cortice</strong></span> <span class='ocrx_word' id='word_1_203' title='bbox 666 2315 771 2381; x_wconf 72' lang='lat' dir='ltr'><strong>virgae.</strong></span> 
     </span>
    </p>
   </div>
   <div class='ocr_carea' id='block_1_3' title="bbox 67 2382 838 2716">
    <p class='ocr_par' dir='ltr' id='par_1_3' title="bbox 67 2382 838 2716">
     <span class='ocr_line' id='line_1_33' title="bbox 123 2382 769 2451; baseline -0.005 -15"><span class='ocrx_word' id='word_1_204' title='bbox 123 2383 235 2436; x_wconf 86' lang='lat' dir='ltr'><strong>Semina</strong></span> <span class='ocrx_word' id='word_1_205' title='bbox 245 2389 303 2433; x_wconf 88' lang='lat' dir='ltr'><strong>turn</strong></span> <span class='ocrx_word' id='word_1_206' title='bbox 314 2385 434 2451; x_wconf 86' lang='lat' dir='ltr'><strong>primurn</strong></span> <span class='ocrx_word' id='word_1_207' title='bbox 444 2385 535 2451; x_wconf 90' lang='lat' dir='ltr'><strong>longis</strong></span> <span class='ocrx_word' id='word_1_208' title='bbox 546 2385 674 2436; x_wconf 85' lang='lat' dir='ltr'><strong>Cerealia</strong></span> <span class='ocrx_word' id='word_1_209' title='bbox 684 2382 769 2434; x_wconf 83' lang='lat' dir='ltr'><strong>sulcis</strong></span> 
     </span>
     <span class='ocr_line' id='line_1_34' title="bbox 123 2451 817 2523; baseline -0.001 -18"><span class='ocrx_word' id='word_1_210' title='bbox 123 2453 232 2505; x_wconf 88' lang='lat' dir='ltr'><strong>Obruta</strong></span> <span class='ocrx_word' id='word_1_211' title='bbox 242 2456 318 2514; x_wconf 86' lang='lat' dir='ltr'><strong>sunt,</strong></span> <span class='ocrx_word' id='word_1_212' title='bbox 330 2455 473 2521; x_wconf 86' lang='lat' dir='ltr'><strong>pressique</strong></span> <span class='ocrx_word' id='word_1_213' title='bbox 483 2455 549 2521; x_wconf 87' lang='lat' dir='ltr'><strong>iugo</strong></span> <span class='ocrx_word' id='word_1_214' title='bbox 560 2469 691 2523; x_wconf 88' lang='lat' dir='ltr'><strong>gemuere</strong></span> <span class='ocrx_word' id='word_1_215' title='bbox 701 2451 817 2509; x_wconf 80' lang='lat' dir='ltr'><strong>iuvenci.</strong></span> 
     </span>
     <span class='ocr_line' id='line_1_35' title="bbox 67 2521 756 2590; baseline 0 -17"><span class='ocrx_word' id='word_1_216' title='bbox 67 2527 113 2580; x_wconf 78' lang='lat'><strong>125</strong></span> <span class='ocrx_word' id='word_1_217' title='bbox 158 2521 257 2573; x_wconf 89' lang='lat' dir='ltr'><strong>Tertia</strong></span> <span class='ocrx_word' id='word_1_218' title='bbox 266 2526 330 2588; x_wconf 86' lang='lat' dir='ltr'><strong>post</strong></span> <span class='ocrx_word' id='word_1_219' title='bbox 340 2521 403 2573; x_wconf 85' lang='lat' dir='ltr'><strong>illas</strong></span> <span class='ocrx_word' id='word_1_220' title='bbox 413 2526 547 2574; x_wconf 87' lang='lat' dir='ltr'><strong>successit</strong></span> <span class='ocrx_word' id='word_1_221' title='bbox 558 2526 645 2575; x_wconf 68' lang='lat' dir='ltr'><strong>aenea</strong></span> <span class='ocrx_word' id='word_1_222' title='bbox 654 2523 756 2590; x_wconf 84' lang='lat' dir='ltr'><strong>proles,</strong></span> 
     </span>
     <span class='ocr_line' id='line_1_36' title="bbox 123 2589 838 2659; baseline -0.003 -16"><span class='ocrx_word' id='word_1_223' title='bbox 123 2589 238 2644; x_wconf 66' lang='lat' dir='ltr'><strong>Saeuior</strong></span> <span class='ocrx_word' id='word_1_224' title='bbox 248 2591 379 2657; x_wconf 84' lang='lat' dir='ltr'><strong>ingeniis,</strong></span> <span class='ocrx_word' id='word_1_225' title='bbox 389 2595 418 2643; x_wconf 87' lang='lat' dir='ltr'><strong>et</strong></span> <span class='ocrx_word' id='word_1_226' title='bbox 428 2592 464 2642; x_wconf 87' lang='lat' dir='ltr'><strong>ed</strong></span> <span class='ocrx_word' id='word_1_227' title='bbox 474 2591 589 2643; x_wconf 87' lang='lat' dir='ltr'><strong>horrida</strong></span> <span class='ocrx_word' id='word_1_228' title='bbox 599 2594 737 2659; x_wconf 88' lang='lat' dir='ltr'><strong>promtior</strong></span> <span class='ocrx_word' id='word_1_229' title='bbox 747 2602 838 2655; x_wconf 77' lang='lat' dir='ltr'><strong>arma;</strong></span> 
     </span>
     <span class='ocr_line' id='line_1_37' title="bbox 123 2659 833 2716; baseline -0.003 0"><span class='ocrx_word' id='word_1_230' title='bbox 123 2660 182 2716; x_wconf 87' lang='lat' dir='ltr'><strong>Nec</strong></span> <span class='ocrx_word' id='word_1_231' title='bbox 191 2659 331 2714; x_wconf 81' lang='lat' dir='ltr'><strong>scelerato</strong></span> <span class='ocrx_word' id='word_1_232' title='bbox 338 2666 441 2716; x_wconf 64' lang='lat' dir='ltr'><strong>nmen</strong></span> <span class='ocrx_word' id='word_1_233' title='bbox 461 2661 506 2715; x_wconf 88' lang='lat' dir='ltr'><strong>Dc</strong></span> <span class='ocrx_word' id='word_1_234' title='bbox 516 2662 586 2715; x_wconf 87' lang='lat' dir='ltr'><strong>duro</strong></span> <span class='ocrx_word' id='word_1_235' title='bbox 597 2667 640 2715; x_wconf 87' lang='lat' dir='ltr'><strong>cst</strong></span> <span class='ocrx_word' id='word_1_236' title='bbox 648 2661 748 2715; x_wconf 86' lang='lat' dir='ltr'><strong>ultima</strong></span> <span class='ocrx_word' id='word_1_237' title='bbox 757 2659 833 2714; x_wconf 78' lang='lat' dir='ltr'><strong>ferro</strong></span> 
     </span>
    </p>
   </div>
   <div class='ocr_carea' id='block_1_4' title="bbox 0 0 978 3016">
    <p class='ocr_par' dir='ltr' id='par_1_4' title="bbox 0 0 978 3016">
     <span class='ocr_line' id='line_1_38' title="bbox 0 0 978 3016; baseline 0 0"><span class='ocrx_word' id='word_1_238' title='bbox 0 0 978 3016; x_wconf 95' lang='lat' dir='ltr'><strong> </strong></span> 
     </span>
    </p>
   </div>
  </div>
 </body>
</html>
