1926 3016
153 52 206 109 ltu
331 48 363 105 Ρ.
381 49 521 107 ovibu
540 46 722 105 NASONIS

151 159 184 211 ln
196 156 294 211 dorem
304 154 415 219 redeat,
425 155 530 223 primos
549 169 584 208 ne
593 153 789 222 recolligatur

152 230 190 281 Et
198 227 313 279 dabitis:
328 241 347 276 n
382 239 417 277 ue
428 225 502 277 eninr
512 170 669 276 nffooernnt
677 224 789 277 siderei

152 296 210 349 Nec
221 294 326 347 trasna
335 308 369 345 ro
381 308 478 346 ucrurn
488 299 581 346 tractu
592 294 697 346 cervice
707 293 789 347 draco

154 367 257 417 Currus
272 363 359 416 adest.
378 362 483 415 Aderat
493 363 627 415 demissm
637 363 672 415 ab
682 360 789 416 antbert

92 450 144 488 cao
154 437 216 498 Quo
226 433 309 485 sinrul
317 432 475 501 adsccndit,
486 432 651 500 frenatoque
661 431 736 485 colla
746 433 789 484 drs

153 502 314 565 Permisit,
324 502 505 570 manibusque
515 501 589 554 leves
600 503 717 570 agitarit
726 500 789 554 lrabs

153 571 413 638 Sublimisrapitur=
430 571 609 638 subiectaque
619 569 789 623 'l'bessala'f

152 641 294 709 Despicit,
305 643 334 692 et
343 640 427 692 cretis
437 640 596 708 regionibus
607 640 729 705 applicat
739 653 789 708 an!

152 712 190 764 Et
201 724 269 778 quas
280 708 350 760 0sea
359 709 437 772 tulit,
447 723 515 776 quas
526 708 599 758 altus
609 706 706 759 Pelion
716 707 789 761 berb

93 782 143 836 225
155 777 328 846 Othrysque,
339 777 511 844 Pindusque,
521 780 551 828 et
561 776 650 828 Pindo
660 779 751 828 maior
760 778 789 829 0]

154 847 304 913 Perspicit=
320 852 350 897 et
359 846 461 912 placita
471 846 676 913 partimradice
686 845 789 898 revelli«

153 916 259 968 Partim
269 915 386 966 succidit
396 915 555 966 curvamine
564 913 645 967 falcis
654 916 751 968 aduae.

154 985 246 1037 Multa
256 997 366 1053 quoque
375 983 492 1051 Apidani
503 984 669 1050 placuerunt
677 985 789 1053 grasnlrn

154 1054 248 1107 Multa
257 1067 367 1123 quoque
376 1051 539 1122 Amphrysi:
555 1069 645 1121 neque
655 1069 717 1107 eros
727 1055 789 1107 inin

567 1124 689 1190 Enipeus

95 1191 145 1249 abo
155 1192 278 1246 Necnon
291 1192 411 1256 Peuma,
421 1206 473 1244 nec
482 1206 538 1242 non
548 1190 732 1257 Spercheides
742 1207 789 1245 uns

156 1263 338 1315 contribuere
348 1261 466 1330 aliquid,
475 1262 646 1328 iuncosaque
656 1261 755 1314 littora
763 1262 789 1314 B

156 1333 250 1397 Carpit
259 1336 289 1384 et
299 1332 422 1384 Euboica
432 1331 512 1381 vivax
520 1328 685 1382 Anthedone
713 1345 789 1384 rame

154 1399 284 1452 Nondum
294 1405 402 1451 mutato
411 1398 554 1465 vulgatum
565 1414 682 1466 corpore
693 1346 789 1453 diano

153 1469 256 1520 Etiam
266 1482 341 1520 nona
350 1468 408 1520 dies
418 1482 502 1519 curru
511 1469 664 1535 pennisque
675 1468 789 1521 dracone

94 1540 143 1595 255
154 1536 287 1606 Nouoque
297 1551 354 1589 nox
364 1551 459 1589 omnes
468 1535 632 1590 lustrantem
645 1538 754 1590 viderat
762 1552 789 1606 sp

156 1608 224 1658 Cum
234 1606 331 1659 rediit=
342 1612 519 1674 nequeerant
524 1607 601 1669 tacti,
606 1607 659 1657 nisi
664 1606 760 1670 odore,
766 1607 789 1659 dl

153 1677 191 1726 Et
200 1681 293 1727 tomen
304 1691 426 1727 annosae
436 1675 538 1742 pellem
548 1690 667 1742 posuere
676 1683 789 1729 senocto

155 1746 287 1796 Constitit
297 1746 444 1798 adveniens
454 1748 524 1797 citra
535 1745 687 1813 limenque,
697 1744 789 1814 foresq

153 1816 191 1867 Et
200 1819 309 1866 tanturn
321 1815 398 1867 coelo
408 1818 526 1883 tegitur:
543 1815 701 1882 refugitque
711 1814 789 1870 virile

94 1883 144 1939 ado
156 1885 305 1936 Contentus
312 1900 320 1948 3
334 1886 487 1952 statuitque
497 1899 561 1936 aras
571 1900 586 1937 e
597 1886 698 1950 cespite
706 1884 789 1939 binos

154 1955 323 2006 Dexteriore
334 1955 469 2016 Hecates,
480 1960 510 2005 at
520 1954 600 2005 loeva
610 1959 688 2020 parte
698 1954 789 2004 lavent

155 2024 231 2085 Quas
242 2024 288 2075 ubi
298 2025 437 2086 verbenis,
446 2023 570 2091 silvaque
580 2024 697 2074 incinxit
707 2036 789 2089 egres

154 2092 238 2145 Haud
249 2092 346 2159 procul
357 2099 451 2160 egesta
460 2092 604 2144 scrobibus
615 2091 716 2149 tellure
728 2091 789 2142 duul

155 2159 241 2213 Sacra
251 2160 330 2212 facit:
347 2163 506 2230 cultrosque
516 2163 545 2225 in
555 2166 671 2229 guttura
680 2160 789 2212 velleris

95 2230 143 2284 245
158 2231 290 2293 Coniicit3
306 2236 336 2282 et
345 2232 457 2297 patulus
467 2229 610 2298 perfundit
619 2231 753 2297 sanguine
765 2228 789 2281 fu

157 2301 228 2350 'l'um
239 2313 323 2365 super
332 2301 481 2368 invergens
490 2300 588 2366 liquidi
597 2297 737 2351 carchesia
747 2299 789 2351 Ba

155 2369 302 2435 aeneaque
313 2369 457 2436 invergens
467 2369 552 2435 tepidi
563 2367 702 2421 carchesia
712 2369 789 2420 luctis

155 2437 248 2488 Verba
257 2438 341 2490 simul
351 2437 456 2503 fundit,
467 2443 633 2507 terrenaque
643 2439 757 2490 numina
767 2454 789 2505 pt

151 2505 378 2580 Vmbrarumque
389 2514 473 2579 rogat
479 2510 564 2575 raptu
573 2523 637 2560 curu
645 2509 761 2573 coniuge
773 2521 789 2558 n

70 2578 124 2629 250
133 2576 184 2631 No
189 2589 360 2654 properent
369 2586 453 2638 artus
463 2579 561 2634 aniana
569 2576 707 2629 iraudaro
714 2574 789 2625 seu'xb
