1926 3016
137 152 186 207 sas
324 146 712 204 aovruursssosrs
810 136 816 145 ’
897 39 901 265 1

75 259 124 314 325
134 253 218 310 Eceel
233 253 311 308 lacus
321 253 413 306 medio
423 268 566 306 sacrorum
575 254 657 323 nigra
664 252 764 305 favilla

133 330 188 380 Ara
196 330 277 383 retus
287 324 391 386 stabat,
402 323 529 376 tremulis
539 325 710 376 circumdata
720 323 827 376 munis

132 393 537 461 Restitit,etpevi‹lo,Fareas
546 391 860 456 nihi,nunnuredtrit

132 465 199 518 Dux
208 479 300 516 meus:
314 469 344 515 et
353 463 450 527 simili,
460 462 578 527 Faveas,
589 476 641 531 ego
651 477 796 515 murmure
806 462 868 515 dial.

133 533 285 596 Naiadum,
294 532 420 586 Faunine
431 531 516 595 seret,
525 535 632 596 tamem
642 546 706 595 era,
715 532 858 599 rogabam.

73 611 122 663 55ο
132 604 316 672 Indigeuaeve
326 601 393 665 θεὶς
409 618 472 658 eam
481 601 551 653 talia
559 600 683 654 reddidit
690 598 807 667 hospes:
825 644 831 659 ‚

132 673 196 726 Non
206 673 270 736 bae,
285 671 315 725 ol
329 674 449 735 iuvenis,
459 675 620 724 montanum
630 685 734 723 numen
743 673 773 720 iu
783 674 885 725 arad

132 743 187 795 llle
196 754 276 794 suam
285 739 664 809 voeatbsnc,nuiquondam
674 741 754 807 regia
763 741 855 792 lune·

134 813 237 864 Orbem
246 811 404 865 interdixit:
419 809 502 880 quarn
511 813 558 862 rix
567 811 687 863 erratica
695 807 786 862 Delos
899 810 901 821 '

134 880 267 933 Orantem
279 883 399 946 accepit,
407 886 467 932 tum
479 896 542 932 eum
551 880 620 933 levis
630 879 723 932 insula
731 879 826 931 nebat.

73 951 123 1005 555
133 950 194 1002 lllie
201 950 362 1001 incumbens
372 964 434 1001 eum
445 949 569 1002 Palladis
580 950 681 1003 arbore
691 947 811 1016 palmae,

132 1019 229 1071 Edidit
238 1019 325 1069 invita
334 1019 458 1086 geminos
468 1018 579 1072 Latona
587 1033 713 1071 noverea.

132 1089 206 1141 lline
216 1101 325 1157 quoque
334 1089 468 1141 lunonem
479 1087 583 1157 fugisse
593 1101 731 1157 puerpera
740 1086 845 1141 fertura

132 1161 219 1226 Inque
229 1172 280 1209 suo
290 1162 416 1224 portasse
426 1158 502 1222 sinu,
513 1159 569 1211 duo
579 1159 706 1222 numina,
716 1162 808 1210 news.

132 1229 247 1298 lamque
252 1226 478 1294 Chimaeriferae,
489 1244 551 1282 eum
558 1228 608 1281 Sol
617 1231 710 1296 gravis
719 1232 884 1288 ureretam,

74 1300 124 1355 340
133 1298 249 1352 Finibus
259 1298 288 1348 iu
297 1298 415 1366 Lyciae,
426 1298 510 1368 lenge
519 1300 581 1351 Dea
591 1297 666 1350 fessa
675 1297 782 1362 labore,

134 1367 249 1420 Sidereo
261 1368 365 1421 siccate
374 1369 449 1420 sitim
460 1369 573 1437 collegit
582 1368 616 1420 ab
628 1372 720 1420 aestu:

135 1437 284 1505 Vberaque
295 1438 439 1489 ebiberant
447 1439 520 1490 avidi
531 1438 666 1490 labantia
675 1438 745 1489 nuti.
837 1470 840 1475 ·

132 1505 219 1559 Forte
230 1506 322 1558 laeum
332 1506 455 1559 melioris
466 1520 555 1576 aquae
565 1508 710 1575 prespexit
718 1508 749 1558 iu
758 1505 823 1559 bnis

132 1573 273 1629 vallibus:
289 1580 416 1643 agrestes
425 1576 485 1629 illie
495 1576 631 1630 frutieosa
641 1576 772 1645 legebant

73 1646 123 1701 545
134 1644 247 1696 Vimine
256 1659 318 1697 eum
328 1646 417 1698 iuncis
421 1682 429 1710 ‚
439 1651 603 1716 gratamque
613 1646 762 1714 paludibus
771 1646 868 1698 ultam.

132 1715 266 1779 Accessit,
277 1716 422 1783 positoque
431 1731 505 1784 genu
515 1718 628 1769 Titania
636 1721 742 1768 terram

133 1782 251 1846 Pressit,
261 1789 293 1835 ut
302 1782 429 1837 hauriret
437 1785 546 1854 gelidos
557 1791 658 1854 potura
668 1786 802 1854 liquores.

132 1852 246 1905 Rustiea
255 1853 451 1907 turbaretunt.
472 1853 828 1908 Deasieaffatavetentesz

132 1922 206 1986 Quid
217 1921 371 1990 prohibetis
381 1924 478 1993 aquini
491 1940 558 1978 usus
570 1927 721 1977 eommunis
733 1936 871 1992 equarum·

72 1992 123 2047 550
132 1991 190 2046 Nee
200 1991 293 2047 Solem
303 1997 445 2061 proprium
455 1994 576 2061 Natura,
587 2010 638 2048 nee
645 1997 712 2047 aera
723 1991 800 2058 feeit,

131 2062 189 2117 Nee
199 2068 298 2117 tenues
308 2066 410 2116 undas:
425 2065 460 2117 ad
472 2066 582 2132 publica
591 2079 709 2117 munera
718 2065 791 2116 veni.

132 2133 211 2196 Quae
220 2134 648 2203 temen‚utdetis‚supplexpet0.
657 2133 883 2202 Nouegonestrtt

131 2203 252 2255 Abluere
262 2201 307 2254 bie
317 2211 408 2268 artus,
418 2198 577 2273 lassataque
588 2204 711 2256 membra
721 2204 864 2268 parabam:

133 2271 188 2323 Sed
197 2272 322 2325 relevare
332 2276 415 2325 sitim.
437 2274 520 2326 caret
530 2289 561 2324 os
573 2273 688 2327 humere
699 2273 854 2340 loquentiu

73 2338 120 2392 555
130 2341 168 2392 Et
178 2341 273 2394 fauces
283 2347 376 2406 arent;
394 2344 495 2413 vixque
506 2348 549 2395 est
558 2345 604 2394 via
612 2343 688 2395 noeis
698 2344 728 2393 iu
737 2342 804 2393 illis.
867 2380 870 2385 .

130 2411 258 2462 Haustus
268 2426 355 2479 aquae
366 2412 434 2464 mihi
444 2417 541 2466 nectar
551 2415 618 2465 erit:
633 2414 775 2479 vitamque
785 2409 884 2463 fetens

132 2481 277 2546 Accepisse
288 2481 383 2531 simul:
397 2483 482 2534 vitum
494 2483 626 2534 dederitis
635 2485 665 2533 in
675 2481 760 2533 unda.

132 2548 169 2598 lli
180 2563 342 2617 quoqueves
349 2558 490 2614 meveuut3
501 2548 887 2619 quinostrobrachiateuduut

133 2616 222 2668 Parva
233 2619 307 2669 sinu:
324 2624 353 2671 et
364 2635 427 2672 casu
439 2620 592 2673 tendebant
601 2617 716 2672 brachia
726 2621 796 2670 neti.

75 2686 123 2737 360
134 2687 220 2751 Quem
232 2701 288 2740 non
298 2687 401 2741 blande
410 2689 488 2744 Deae
498 2691 655 2759 potuissent
664 2689 749 2744 verbs
758 2678 881 2741 moreni
