1926 3016
169 90 223 177 aas
365 118 398 171 r:
415 116 558 171 evron
576 116 761 172 nnsoms
797 168 802 175 .

168 229 294 281 Hectora
303 224 349 292 qui
360 220 925 295 solnaquiierrumdgoemquedovamqrt

110 302 164 360 3⁸5
172 295 310 351 Sustinuit
320 294 417 357 toties3
430 308 517 344 unam
526 307 582 344 non
590 294 711 345 sustinet
718 296 808 359 irent

168 367 305 421 invictum
324 380 361 417 ue
370 366 460 414 virum
470 365 555 415 vineit
565 363 654 415 dolor.
673 364 784 432 Arripit
794 379 900 431 amem

169 381 491 500 Ethlenshieeerteest
500 435 542 485 dn
549 431 927 501 ethuneslhiposoatvlixesl

169 508 247 569 lloe,
255 506 310 567 ait,
319 503 454 556 utendum
464 504 545 556 estin
556 517 601 554 mo
611 502 691 554 mihi:
707 505 814 575 quique
824 500 918 558 oruhre

170 576 260 643 Saepe
276 572 421 643 Phrygum
436 574 556 637 maduit,
570 572 676 694 dqnqini
688 589 765 627 nune
778 574 865 629 caede
877 589 927 627 ma

475 663 476 666 ¹
606 658 622 694 e
640 644 677 707 it3
808 696 812 703 ,

110 717 161 784 590
171 715 215 769 Ne
223 715 368 784 quisquam
378 712 489 764 lliaoem
501 714 589 780 possit
599 714 812 778 separaremini
820 716 899 767 Aiax.

170 785 262 837 Dixit:
279 784 346 835 etin
355 786 452 849 pectus
457 819 465 846 ,
475 788 536 834 tum
546 782 666 851 danique
675 782 795 835 vulnera
804 798 921 851 pomum,

170 856 232 918 Qua
242 854 333 920 patuit
342 852 418 907 terro
424 889 432 916 ,
442 851 556 906 letalem
566 852 692 905 condidit
701 868 813 906 ensem:

168 924 227 977 Neo
238 922 352 975 valuere
361 937 460 973 manus
469 924 586 974 infixum
595 922 717 974 eduoere
724 922 825 975 telum.

169 991 285 1060 Expulit
294 994 353 1059 ipse
364 1006 461 1056 eruor3
478 992 679 1061 rubefactaque
689 993 829 1061 sanguine
839 993 920 1047 tellus

108 1061 158 1131 595
169 1060 341 1130 Purpureum
352 1061 434 1113 viridi
444 1064 543 1130 genuit
552 1063 587 1115 de
598 1064 702 1129 cespite
711 1060 822 1126 florem,

168 1132 223 1196 Qui
234 1133 312 1198 prius
323 1131 441 1185 Oebalio
452 1131 546 1185 fuerat
557 1133 591 1184 de
600 1132 717 1184 vulnere
727 1137 822 1187 natos.

167 1201 279 1254 Littera
289 1203 444 1254 eommunis
453 1202 551 1254 mediis
562 1216 706 1269 pueroque
714 1202 834 1270 viroque

168 1272 308 1339 Inscripta
317 1277 361 1324 est
370 1270 458 1323 foliis:
474 1269 543 1322 haee
554 1273 686 1335 nominis,
696 1270 749 1323 illa
758 1271 899 1341 querelae.

203 1340 519 1409 Victoredllypsipyles
525 1341 653 1408 patriam,
658 1341 921 1410 clarique’l'hoantis

109 1408 159 1461 400
169 1413 207 1464 at
216 1416 341 1464 veterum
351 1417 442 1464 terras
452 1410 573 1463 insanies
582 1410 670 1463 caede
678 1412 815 1475 virorum,

169 1479 240 1533 Vela
250 1481 311 1544 dat,
320 1486 354 1531 ut
363 1479 482 1544 reserat,
492 1478 642 1547 Tirynthia
650 1479 723 1546 tela,
733 1482 860 1549 sagittae.

169 1550 248 1613 Quae
261 1553 408 1617 postquam
424 1549 460 1600 ad
477 1549 590 1614 Graios,
605 1550 720 1603 domino
735 1552 896 1613 eomitante,

585 1621 708 1673 retexite

168 1690 303 1755 imposita
312 1694 356 1741 est
365 1704 428 1741 sero
437 1690 552 1741 tandem
562 1706 661 1741 manus
672 1691 772 1742 ultima
782 1689 869 1742 hello.

170 1760 256 1810 Troia
267 1758 350 1810 simul
360 1759 543 1826 Priamusque
554 1760 669 1812 cadunt:
685 1760 826 1812 Priameia
836 1761 919 1810 taorriu¹

110 1830 157 1883 405
167 1827 293 1882 Perdidit
304 1828 402 1880 infelix
413 1828 533 1880 hominis
545 1835 608 1897 post
618 1831 711 1881 omnia
721 1829 858 1893 formam3

170 1901 363 1968 Externasque
373 1914 445 1952 novo
456 1899 563 1952 latratu
574 1901 675 1953 terruit
684 1915 780 1951 auras.

168 1969 284 2038 Longus
294 1971 323 2021 in
334 1977 481 2038 angustum
494 1985 549 2038 qua
560 1970 699 2022 clauditur
708 1968 918 2035 Hellespontus,

167 2040 242 2092 llion
252 2040 384 2104 ardebat3
400 2055 489 2108 neque
501 2038 591 2091 adhue
601 2040 767 2093 consederat
777 2039 862 2107 ignis:

167 2111 362 2178 Exiguumque
372 2112 445 2161 senis
456 2111 560 2162 Priami
571 2111 643 2162 loris
654 2125 704 2161 ara
713 2124 844 2162 eruorem

109 2182 159 2230 iro
171 2180 357 2231 combiberat.
371 2181 506 2231 Tractata
516 2182 602 2231 comis
612 2180 740 2232 antistita
752 2177 862 2230 Phoebi

168 2249 230 2301 Non
241 2244 416 2315 pr‘oseeturas
426 2249 560 2303 tendebat
568 2249 604 2301 ad
617 2248 733 2302 aethera
743 2248 863 2315 palmas.

168 2317 345 2370 Dardanidas
356 2326 468 2385 matres,
472 2321 626 2387 patriorum
636 2321 715 2388 signa
724 2318 854 2371 Deorum

167 2387 243 2439 Dum
255 2389 329 2452 licet,
339 2389 480 2456 amplexas
500 2404 688 2458 succensaque
695 2389 916 2455 ternplatenente

168 2457 308 2509 lnridiosa
318 2457 434 2510 trahunt
443 2460 564 2511 rintores
574 2461 700 2526 praemia
710 2458 800 2510 Graii.

109 2525 292 2578 tramittitur
303 2529 447 2596 Astyanax
456 2528 512 2580 illis
523 2529 558 2580 de
567 2531 706 2592 turribus,
716 2528 792 2579 unde

169 2595 342 2662 Pugnantem
354 2614 404 2665 pro
415 2613 459 2661 se,
469 2599 652 2668 proavitaque
662 2612 750 2668 regna
761 2603 886 2649 tuentem

170 2663 258 2735 Saepe
268 2666 363 2719 ridere
374 2674 483 2737 patrem
493 2675 678 2723 monstratum
688 2684 707 2723 a
716 2672 809 2721 matre
819 2664 920 2719 solebat

949 37 957 79 l
