1926 3016
168 151 204 206 98
353 148 384 202 Ρ.
404 145 547 202 uvion
570 145 755 204 NASONIS

168 255 311 323 Eripuisse
322 257 405 319 caput
415 250 503 303 collos
518 253 671 321 pennisque
682 252 809 322 fugacem

112 319 159 388 785
169 324 308 390 Pegason,
320 328 349 374 et
359 321 489 385 tranem,
499 323 597 373 matris
608 321 642 374 de
651 325 787 390 sanguine
798 329 891 378 natos,

168 393 282 446 Addidit
291 398 321 445 ei
330 392 407 460 longi
417 405 474 443 non
485 390 556 443 salsa
565 391 689 459 pericula
698 407 808 443 cursus:

169 464 249 527 Quae
260 461 345 525 freta,
357 476 426 530 quos
436 466 526 513 terras
536 463 587 512 suh
598 478 629 514 se
639 461 754 514 vidisset
764 463 798 513 ab
809 461 883 515 olto:

169 535 207 587 Et
217 548 288 601 quae
298 532 407 583 iactatis
417 530 555 598 tetigisset
565 531 658 583 sidera
667 532 774 598 pennis.

168 606 241 656 Ante
252 607 428 669 expectatum
437 602 527 651 tacuit
537 605 639 652 tamen.
660 602 855 669 Excipitunus

40 719 42 722 ,
111 673 193 738 79οΕ
204 687 320 724 numero
331 685 491 737 procerum,
503 685 653 738 quaerens,
665 686 716 722 cur
725 670 785 721 solu
794 685 923 724 sororum

170 742 296 795 Gesserit
306 740 422 792 alternis
430 741 567 791 immistus
577 740 699 792 crinibus
710 755 823 807 angues.

204 812 314 877 Hospes
325 810 376 871 ait,
388 810 526 872 Quoniam
537 811 646 861 scitaris
658 810 741 878 digna
751 808 854 876 relatu,

170 882 270 946 Accipe
281 879 399 947 quaesiti
410 894 544 931 caussam.
567 880 727 932 Clarissima
737 878 838 944 forma,

171 950 382 1017 Multorumque
392 947 447 999 suit
456 963 520 1017 spes
530 948 666 1001 invidiosa
675 964 825 1018 procorum

111 1014 238 1082 795111a=
254 1035 305 1072 nec
315 1020 343 1068 in
354 1022 415 1068 tota
425 1019 601 1084 conspectior
610 1020 671 1071 ulla
681 1018 790 1085 capillis

171 1090 241 1143 Pars
251 1089 313 1141 suit.
335 1089 444 1151 Inveni,
456 1090 503 1157 qui
513 1103 543 1139 se
554 1089 655 1141 vidisse
662 1088 794 1142 referret.

170 1161 252 1212 Hanc
261 1158 353 1228 pelagi
363 1161 454 1209 rector
464 1157 569 1224 templo
579 1159 691 1212 vitiasse
700 1159 845 1212 Minervae

172 1230 290 1282 Dicitur.
310 1232 415 1282 Aversa
425 1232 481 1291 est,
491 1233 519 1280 et
529 1234 619 1280 castos
630 1228 727 1296 aegide
738 1228 834 1278 vultus

171 1299 245 1353 Natu
255 1300 328 1352 lovis
339 1298 421 1349 texit:
437 1313 505 1349 neve
517 1296 568 1348 hoc
578 1299 690 1364 impune
700 1296 813 1360 fuissem

112 1362 163 1415 800
173 1369 352 1437 Gorgoneum
363 1373 458 1433 turpes
469 1367 573 1416 crinem
584 1368 701 1417 mutavit
710 1368 739 1417 in
750 1365 865 1434 hydros.

170 1439 251 1491 Nunc
262 1451 379 1504 quoque,
387 1440 420 1483 ut
425 1436 559 1485 attonitos
564 1434 712 1486 formidine
719 1434 933 1500 terrcathostes,

170 1507 288 1560 Pectore
299 1507 328 1556 in
338 1503 467 1566 adverso,
477 1514 546 1572 quos
556 1500 636 1568 fecit,
647 1504 767 1556 sustinet
775 1519 891 1575 angues.

218 1766 224 1777 ’
317 1795 353 1859 r.
378 1793 547 1862 0v1u11
569 1793 787 1860 Nasonis

172 1930 934 2021 METAMORPHOSEON

353 2097 504 2151 LIBER
531 2095 759 2163 QVINTVS.

468 2226 636 2242 m

172 2303 319 2404 Dumque
330 2351 363 2388 ea
374 2334 532 2403 Cephenum
543 2336 635 2389 medio
644 2337 786 2390 Danaeius
796 2335 882 2389 heros

173 2408 287 2473 Agmine
299 2411 510 2470 commemorat3
525 2405 639 2459 fremitu
649 2408 757 2475 regalia
767 2407 868 2461 turbae

101 2510 104 2519 Α
173 2476 251 2527 Atria
261 2476 445 2542 complentur:
461 2492 512 2528 nec
523 2477 691 2545 coniugialia
702 2476 774 2529 festa

99 2545 103 2559 ’
173 2545 228 2608 Qui
240 2551 333 2607 canat,
345 2551 388 2597 est
398 2545 514 2610 clamor3
530 2546 579 2598 sed
590 2548 636 2615 qui
648 2546 707 2598 sera
717 2546 829 2598 nuntiet
837 2561 923 2600 arma

148 2614 260 2682 dirique
269 2616 431 2680 repentinos
443 2617 567 2668 convitia
576 2630 657 2668 versa
667 2615 804 2667 tumultus

173 2683 343 2738 ,issimulare
353 2683 427 2738 freto
437 2687 539 2755 possis,
550 2686 624 2755 quod
634 2701 718 2741 saeva
727 2685 852 2756 quietum
