1926 3016
204 50 213 63 ‘
248 42 300 98 218
418 40 450 94 Ρ.
468 39 604 93 ovum
626 39 810 99 ursolus

249 145 371 199 Concilio
381 143 501 207 medius,
511 144 595 196 turbe
604 143 804 212 volucrumque
813 143 876 197 sede

191 223 237 274 145
247 216 285 269 Vt
293 217 362 267 setis
371 214 505 281 impulsus
515 216 635 266 tenteris
644 213 745 280 pollice
756 211 876 265 cbordes

248 287 284 337 lit
294 286 381 336 sensit
390 285 494 346 rarior,
504 285 629 350 quemvis
641 283 748 334 diversa
758 297 876 334 sonares

248 353 425 405 Concordem
436 353 547 416 modos3
562 350 616 404 hoc
625 366 721 404 vocem
732 353 857 404 carmine
867 367 876 404 1

247 423 289 475 nb
298 425 377 486 love,
387 423 471 474 Musa
481 437 595 489 parens,
606 421 710 472 cedunt
718 421 789 472 lovis
801 423 876 473 omni

248 494 379 544 Carmina
389 497 486 544 nostra
494 506 583 543 move.
593 491 666 542 lovis
677 498 720 542 est
727 489 793 541 mihi
801 506 876 558 saep«

190 568 238 619 150
247 563 332 615 Dicte
340 563 428 631 prius.
448 561 542 612 cecini
552 560 658 627 plectro
668 560 796 628 grandom
807 559 876 629 Gigs

249 631 405 700 Sparsaque
415 628 577 698 Phlegraeis
588 630 712 681 victricis
721 628 841 682 fulmina
850 645 876 682 or

248 701 329 754 Nunc
338 714 407 766 opus
418 705 461 752 est
470 699 575 753 leviore
585 700 660 765 lyra:
677 713 837 767 puerosque
848 714 876 753 cs

248 769 376 822 Dilectos
387 768 515 836 Superis,
526 770 750 837 inconcessisque
761 767 875 835 puellos

247 838 362 907 Ignibus
372 840 507 891 ottonibus
517 840 652 890 meruisse
663 839 777 891 libidine
787 853 876 905 poene

190 910 238 965 155
249 910 309 962 Rex
319 907 457 975 Superum
462 905 579 975 Phrygii
591 908 730 976 quondam
736 908 876 974 Ganyme<

249 979 337 1031 limite
353 981 382 1029 et
391 977 533 1030 inventum
545 982 587 1028 est
599 978 718 1046 aliquid,
728 978 804 1046 ‘quod
814 978 877 1046 lupi

248 1049 339 1109 Quem
351 1047 425 1114 quod
436 1051 510 1111 erut,
520 1047 624 1100 mallet.
644 1047 729 1099 Nulla
739 1053 835 1099 temen
845 1048 876 1100 ul

248 1117 401 1185 Dignatur,
412 1116 465 1168 uisi
476 1131 547 1184 quse
558 1119 646 1184 possit
655 1132 706 1168 sua
717 1117 837 1169 fulmine
847 1116 876 1170 fe

249 1187 310 1239 Nec
320 1202 410 1239 mora:
425 1201 557 1254 percusso
568 1187 748 1239 mendacibus
757 1187 823 1238 edre
832 1200 876 1254 per

192 1258 240 1310 160
250 1257 358 1323 Abripit
367 1256 489 1319 llieden,
502 1257 549 1325 qui
560 1272 633 1307 nunc
642 1271 752 1324 quoque
762 1257 867 1322 poculo

248 1327 394 1393 Invitaque
404 1327 464 1377 lovi
474 1331 571 1377 nectar
579 1328 685 1378 lunone
695 1327 845 1379 ministret,

285 1396 327 1448 'l'e
342 1409 466 1462 quoque,
477 1394 636 1462 Amyclide‚
651 1397 789 1517 pquuisqet
802 1395 834 1448 in
848 1409 876 1450 u

453 1493 456 1498 ·
710 1480 744 1516 oe
763 1478 810 1526 use

248 1533 356 1586 Tristia
364 1533 388 1584 si
398 1535 519 1601 spatium
529 1535 646 1604 ponendi
657 1534 717 1587 iata
727 1533 876 1586 deussene

249 1604 312 1665 Qua
323 1603 403 1666 lieet,
414 1610 544 1657 aeternus
553 1613 648 1658 tumen
658 1620 699 1656 cs:
714 1604 876 1672 quotiesque

192 1673 238 1728 165
249 1674 307 1726 Ver
317 1672 451 1737 hiemem,
461 1674 590 1743 Piscique
600 1677 680 1728 Aries
690 1674 817 1726 succedit
826 1689 876 1741 equ

249 1744 294 1794 Tu
305 1743 388 1794 toties
399 1745 501 1794 oreris:
517 1744 653 1812 viridique
662 1745 691 1795 in
701 1745 806 1809 cespite
816 1741 876 1795 flor«

250 1815 291 1864 Te
302 1826 380 1864 meus
390 1817 456 1864 ente
466 1813 536 1864 elios
546 1816 656 1882 genitor
666 1814 777 1864 dilexit:
792 1816 823 1863 et
833 1813 876 1864 orl

173 1890 176 1902 ²
249 1884 282 1935 ln
293 1882 384 1934 medio
394 1883 479 1948 positi
490 1888 641 1935 caruerunt
648 1882 775 1948 praeside
786 1880 876 1947 Delplr

250 1952 326 2003 Dum
336 1952 413 2004 Deus
424 1953 563 2015 Eurotan,
574 1954 803 2019 immunitemque
814 1950 876 2018 freq

194 2035 242 2087 ¹7⁰
253 2021 384 2087 Sparten3
395 2036 446 2072 nec
457 2020 588 2085 citharae,
599 2037 650 2074 nec
659 2026 725 2073 sunt
734 2023 762 2072 in
774 2018 876 2072 honore

252 2092 401 2142 lmmemor
411 2091 470 2156 ipse
480 2093 524 2141 sui
533 2105 589 2142 non
600 2093 672 2143 retia
682 2091 757 2143 ferre
768 2095 876 2142 recussi

251 2159 315 2211 Non
326 2161 450 2211 tenuisse
461 2175 558 2225 cenes;
573 2176 628 2211 non
640 2176 689 2227 per
699 2162 766 2226 iugo
775 2161 876 2210 montis
