1926 3016
186 168 602 241 mnrsmonruosnos
623 187 744 243 nina
809 190 843 244 21

81 290 167 345 Victa
176 289 272 343 labore
283 289 313 341 fn
397 295 517 357 pectam
526 291 664 345 Peneidas
673 292 773 356 undas,

80 359 147 424 Fer,
158 365 246 427 pater,
255 304 460 429 inquhmem
471 359 845 416 sissuminanumenhabetis.
854 367 903 421 545

81 431 148 492 Qua
157 430 272 480 nimium
283 430 389 496 placui,
401 429 499 493 tellus,
507 435 558 482 aut
568 427 656 494 hisce,
665 431 814 496 relictui,

81 499 163 561 Quae
174 497 255 562 facit,
265 506 297 549 ut
307 499 415 562 laedar,
425 499 560 550 mutando
571 499 659 565 perde
666 502 793 568 figuram,

80 568 138 620 Vix
147 582 229 634 prece
239 569 331 630 finita,
341 573 439 634 torpor
448 570 541 636 gravis
552 569 652 636 alligat
662 576 753 621 artuss

80 638 186 691 Mollia
196 638 343 704 cinguntur
351 639 428 690 tenni
440 638 606 704 praecordia
616 637 698 689 libro.

81 707 114 759 in
125 705 252 758 mandem
263 708 366 769 crines,
377 708 405 758 in
416 722 510 758 ramos
520 705 636 759 brachia
645 711 788 759 creseuntz
857 720 906 771 550

81 775 150 838 Pes,
161 775 243 827 modo
253 781 311 827 tam
322 777 416 838 velox,
426 777 514 843 pigris
524 777 663 828 radicibus
674 776 785 831 haeret:

83 845 146 897 Ora
154 860 283 897 cacumen
296 847 368 897 obit:
383 850 511 896 remanet
520 846 596 896 nitor
605 862 676 902 unus
685 848 715 898 in
725 846 785 899 illa.

82 915 168 967 Hane
177 928 288 982 quoquc
297 912 427 966 Phoebus
437 919 524 1036 amaa:
538 917 684 984 positaque
693 918 724 969 in
733 915 830 984 stipite

519 989 602 1036 extra

47 1099 56 1109 .
83 1053 180 1107 Sentit
187 1052 278 1105 adhue
289 1051 431 1118 trepidare
441 1067 513 1105 novo
524 1054 575 1104 sub
586 1054 692 1108 cortice
702 1059 809 1122 pectus.

85 1116 312 1188 Conplexusque
323 1123 380 1172 suis
390 1137 497 1184 ramos,
506 1129 540 1173 ut
548 1124 685 1186 membra,
694 1124 818 1186 lacertis,
857 1121 907 1176 555

84 1193 190 1244 Oscula
200 1193 249 1242 dat
259 1192 349 1258 ligno:
364 1189 470 1256 refugit
477 1196 572 1242 tamen
584 1191 680 1242 oscula
688 1192 804 1258 lignum.

84 1263 138 1314 Cui
149 1262 240 1322 Deus,
250 1262 286 1311 At
297 1262 399 1311 coniux
409 1260 540 1326 qno‘niam
550 1273 613 1309 mea
622 1274 678 1309 non
690 1266 770 1326 potes
781 1275 849 1322 esse,

83 1330 178 1385 Arbor
190 1330 247 1380 eris
257 1335 346 1391 certe,
357 1329 440 1389 dixit,
451 1342 522 1379 mea.
543 1325 660 1395 Semper
669 1327 810 1380 habebunt

83 1403 127 1453 Te
138 1413 229 1460 coma,
240 1402 268 1449 te
280 1397 412 1460 citharae,
422 1402 577 1459 tenostrae,
584 1395 848 1464 Laurepharetrae.

82 1472 132 1522 Tu
142 1469 259 1520 ducibus
269 1466 359 1518 Latiis
368 1467 472 1530 aderis,
483 1481 545 1517 cum
556 1466 631 1517 laeta
642 1466 814 1534 triumphum
858 1472 908 1525 500

81 1540 150 1594 Vox
160 1543 254 1600 canet;
269 1541 297 1588 et
308 1537 404 1604 longas
415 1538 505 1588 visent
514 1536 651 1602 Capitolia
661 1552 785 1605 pompas.

81 1608 217 1662 Postibus
226 1609 358 1673 Augustis
369 1606 467 1658 eadem
476 1605 612 1656 fidissima
622 1613 716 1658 custos

81 1679 158 1731 Ante
169 1676 244 1728 fores
255 1676 356 1739 stabis3
370 1676 545 1741 mediamque
556 1675 670 1727 tuebere
681 1691 825 1742 quercum.

82 1745 179 1813 thue
188 1761 280 1797 meum
290 1747 408 1796 intonsis
419 1750 503 1810 caput
513 1748 556 1796 est
565 1744 686 1796 iuvenile
697 1745 821 1811 capillis3

83 1817 132 1868 Tu
143 1828 251 1883 quoque
260 1821 411 1881 perpetuos
419 1828 529 1880 semper
534 1829 600 1880 gere
606 1812 714 1866 frondis
720 1812 848 1866 honores.
859 1813 907 1867 565

40 1922 43 1927 -
83 1885 214 1938 Finierat
223 1884 325 1935 Paean.
344 1884 438 1936 Factis
448 1882 531 1935 modo
542 1884 640 1935 laurea
650 1885 735 1935 ramis

84 1954 203 2010 Annuit:
220 1959 307 2020 utque
318 1958 414 2020 caput,
424 1954 483 2003 visa
493 1958 536 2004 est
546 1953 667 2020 agitasse
679 1952 821 2003 cacumen.

122 2024 174 2076 Est
184 2023 471 2086 nemusHaemoniae,
480 2027 632 2089 praerupta
642 2021 716 2091 quod
726 2020 849 2088 undique

503 2091 611 2142 claudit

84 2158 177 2213 Silva:
191 2165 293 2212 vocant
302 2163 422 2228 Tempe,
431 2175 484 2227 per
494 2174 565 2227 quae
576 2158 698 2222 Peneus,
709 2158 744 2212 ab
754 2158 811 2212 imo

82 2227 201 2283 Effusas
210 2230 465 2297 Pindo,spumosis
474 2229 596 2280 volvitur
606 2227 701 2281 unum
860 2232 907 2299 570

82 2299 260 2368 Deiectnqne
270 2302 348 2368 gravi
358 2305 457 2352 tennes
467 2299 604 2366 agitantia
614 2296 705 2350 fumos

82 2367 190 2423 Nubila
199 2370 342 2433 conducit,
352 2383 529 2436 summasque
540 2368 704 2437 adspergine
714 2367 799 2422 silvas

80 2438 211 2504 lmplnit3
227 2444 256 2490 et
265 2441 359 2490 sonitu
371 2439 527 2506 plusquam
536 2439 626 2490 vicina
635 2439 744 2508 fatigat.

79 2507 846 2576 Haecdomus,haeesedes,haecsuntpenetraliamagni

79 2577 193 2635 Amnis:
207 2578 235 2629 in
245 2575 312 2641 hoc,
323 2578 446 2630 residens
457 2577 531 2629 facto
541 2578 575 2630 de
585 2581 713 2632 cautibus
724 2583 816 2639 antro,
856 2572 906 2639 575

79 2646 171 2699 Vadis
182 2647 245 2699 iura
255 2647 353 2711 dabat,
363 2645 553 2715 Nymphisque
564 2648 719 2701 colentibus
729 2647 827 2699 undas.

81 2717 261 2772 Conveniunt
268 2716 339 2770 ilinc
345 2717 497 2786 popularia
504 2716 622 2773 flumina
629 2719 773 2792 primum,
