1926 3016
134 140 189 200 242
282 159 286 162 ·
317 133 348 188 Ρ.
366 131 509 188 ovum
526 129 714 187 Nasum

73 252 123 303 230
131 239 253 295 Brachia
263 242 444 309 procurrunt:
459 237 522 299 ubi,
533 236 556 288 si
568 234 643 288 foret
652 235 742 288 altior
750 235 836 294 unda.

132 311 233 365 Portus
243 315 318 361 erate
333 308 448 360 sunrmis
457 307 600 359 inductum
610 312 655 359 est
664 321 775 376 aequor
785 308 878 362 arenis

132 382 226 434 Littus
238 379 322 432 habet
331 378 467 440 solidum,
478 377 551 445 quod
563 391 614 430 nec
625 377 746 445 i'mtigia
755 384 858 443 serrem

132 450 190 504 Nec
200 457 360 502 remoretur
369 455 437 511 rter;
453 462 504 498 nec
514 453 643 513 opertum
654 448 779 513 pendeat
787 447 857 516 alga
869 492 876 499 .

130 521 246 588 Myrtea
255 519 326 571 silrs
335 518 444 579 subest,
455 517 628 570 bicoloribus
639 517 732 568 obsita
741 517 841 570 bacola

72 597 121 650 235
131 592 183 643 Est
193 604 292 656 specus
302 591 330 639 in
342 588 449 650 medio;
464 593 567 638 natura
577 585 684 649 factus,
695 602 732 638 en
742 594 815 653 arte,

131 660 310 728 Ambiguum,
320 660 410 726 magis
420 663 482 709 arte
492 663 598 708 tannen:
613 670 670 725 quo
682 672 768 724 saepe
778 657 868 710 venire

131 728 255 782 Frenato
266 726 397 794 delphine
406 727 519 788 sedens,
529 725 614 778 'l'heti
625 727 714 789 nuda,
722 726 841 780 solebas.

131 798 193 852 lllic
202 805 230 850 te
240 797 355 858 Peleus,
365 802 398 847 ut
408 812 506 848 warno
515 797 608 848 vineta
617 797 739 860 iaccbas,

131 868 266 934 Occupat:
282 873 311 920 et
321 869 451 936 quoniam
464 867 590 932 precibus
600 872 710 919 tentata
719 880 868 936 repugnat

71 944 121 995 alo
131 937 195 990 Vim
207 942 299 1002 parat,
309 938 453 988 innectens
464 937 600 987 arrrbobus
610 936 684 988 colla
695 937 817 990 lacertis.

132 1007 214 1069 Quod
225 1007 277 1057 nisi
287 1007 422 1066 venisses,
433 1006 548 1056 variatis
558 1020 644 1073 saepe
654 1004 765 1074 liguris,

131 1076 173 1129 hd
184 1076 281 1127 solitas
293 1081 382 1139 artes3
398 1090 466 1126 auso
478 1074 552 1127 soret
562 1077 612 1127 ille
621 1078 738 1143 potitus.

133 1144 187 1198 Sed
200 1145 319 1197 modotu
325 1145 459 1208 volucris3
469 1145 611 1197 volucrem
618 1154 712 1198 tamen
719 1146 886 1200 illetsnebat·

106 1223 111 1226 ’
132 1215 213 1267 Nunc
222 1217 313 1284 gravis
324 1217 408 1269 arbor
417 1230 493 1267 eras:
505 1212 639 1268 haerebat
647 1217 676 1266 in
683 1217 785 1270 arbore
792 1216 886 1270 l‘claus

72 1285 121 1338 245
133 1287 231 1338 Tertia
241 1285 333 1338 forma
344 1285 397 1336 luit
406 1284 565 1337 maculosae
575 1286 697 1354 tigridis:
712 1287 766 1339 illa

132 1357 262 1407 Territus
272 1354 406 1407 Aeacides
415 1371 433 1407 a
442 1370 560 1421 corpore
571 1355 687 1406 brachia
697 1357 790 1408 solvit.

133 1423 201 1476 lnde
210 1425 287 1476 Deos
297 1425 402 1492 pelagi,
414 1425 477 1474 rino
488 1437 573 1490 snper
583 1434 709 1492 aequora
718 1425 793 1491 fusa,

132 1495 170 1545 Et
180 1495 288 1560 pecoris
298 1495 388 1555 libris,
399 1503 428 1545 et
438 1492 514 1544 lunio
525 1496 596 1545 turis
606 1495 717 1547 adorat.
813 1549 816 1559 ,

131 1562 230 1614 Donec
241 1561 407 1628 Carpathius
418 1563 509 1614 medio
520 1563 556 1614 de
565 1566 677 1632 gurgite
686 1569 775 1631 rates,

76 1633 123 1686 250
131 1631 265 1694 Aeacida,
277 1632 359 1695 dixit,
371 1630 501 1683 thalamis
513 1636 621 1699 potiere
632 1635 737 1701 petitis.

132 1702 176 1755 Tu
187 1703 283 1764 modo,
295 1718 356 1753 cunr
367 1702 461 1770 gelido
472 1705 564 1769 sopita
575 1706 700 1771 quiescet
708 1707 738 1756 in
748 1710 837 1769 anuo,

131 1772 378 1840 ignerantdoqueis
390 1772 535 1840 vincloque
546 1775 657 1825 innecte
667 1777 770 1828 tenaci.

131 1842 191 1895 Nec
202 1849 230 1893 te
241 1842 361 1910 decipiat
373 1849 483 1894 centum
497 1845 615 1895 mentito
626 1847 745 1912 ligurus:

133 1910 189 1966 Sed
198 1927 306 1979 preme,
318 1913 451 1982 quidquid
461 1915 528 1965 erit:
546 1914 624 1977 dum,
635 1914 711 1982 quod
722 1914 780 1967 soit
788 1919 859 1977 ante,

548 1984 694 2035 reformet.

75 2049 120 2104 255
131 2051 250 2104 Dixerat
261 2051 467 2106 haecProteusz
479 2058 509 2106 et
518 2053 890 2120 condiditaequorerultum.

131 2122 303 2191 Admisitque
313 2139 377 2173 suos
390 2125 417 2173 in
430 2125 514 2175 rerba
524 2125 673 2174 norissima
683 2123 795 2177 ssuctus.

131 2190 240 2244 Pronus
250 2199 312 2244 erat
322 2195 419 2255 Titan,
430 2193 621 2260 inclinatoque
631 2194 748 2245 tenebat

130 2261 298 2328 Hesperium
309 2269 422 2315 temone
434 2261 551 2315 sretomr
569 2279 631 2316 cum
644 2262 765 2330 pulchra
774 2262 870 2317 relicto

131 2330 232 2384 Nereia
242 2334 402 2401 ingreditur
410 2338 545 2383 consucta
556 2334 658 2385 cubilia
668 2340 767 2399 ponto.

75 2397 122 2451 260
131 2400 187 2453 vix
197 2402 268 2454 bene
280 2405 418 2472 virgineos
429 2403 529 2456 l'eleus
541 2404 645 2455 inraser
652 2408 682 2454 at
690 2410 788 2469 artus3

131 2470 185 2522 llla
196 2478 280 2524 novat
291 2472 408 2537 formas,
419 2472 508 2526 donec
518 2487 570 2524 sua
580 2475 707 2525 membra
717 2474 810 2527 teneri

133 2537 238 2603 Sentit,
249 2547 278 2594 et
286 2543 314 2594 in
325 2550 421 2611 partes
431 2545 555 2597 diversas
566 2542 680 2595 brachia
689 2545 778 2597 tendi.

132 2609 205 2663 'l'um
216 2609 327 2666 demum
336 2615 486 2684 ingemuit:
502 2612 677 2698 Neqoemit,
687 2615 749 2670 sins
758 2614 872 2669 numine

548 2699 644 2738 vincti·
