1926 3016
103 70 527 172 ulu'rnidoupflosuon'
544 122 624 175 LlB.
643 121 730 175 vill.
755 123 802 173 175

47 239 92 276 ux
103 224 196 274 micat
206 236 241 274 ex
253 221 352 284 oculis,
363 224 504 289 spiratque
515 237 530 274 e
540 228 653 288 pectore
662 224 782 278 flamme.

47 295 127 362 'tque
137 291 219 343 volat
228 291 327 354 moles,
338 291 458 342 adducto
470 294 577 342 concita
588 308 682 356 nervo,

47 379 98 415 um
110 360 190 428 petit
201 364 250 411 aut
260 374 366 423 muros,
377 363 425 411 aut
435 360 532 427 plenas
542 361 631 413 milite
640 360 745 428 turres}

47 451 55 484 ι
66 434 194 483 iuvenes
204 435 282 480 vasto
293 431 333 480 sic
343 431 445 496 impete
455 429 602 481 vulnificus
612 445 659 481 sus

47 506 149 554 erturz
163 498 368 565 etEupalemon
377 499 581 567 Pelagonaque‚
587 499 686 551 deutra
692 505 801 554 tuentes
812 503 858 553 360

47 585 161 632 ornus,
173 570 333 636 prosternit.
352 567 427 619 Socii
437 583 556 635 rapuere
566 571 698 620 iacentes.

47 649 134 692 tnon
144 637 274 689 letiferos
286 635 384 704 effugit
394 639 557 689 Enaesimus
568 639 641 689 ictus

47 706 803 779 ippocoontesatus.Trepidantemettergaparantom

47 782 170 840 creme,
181 778 287 827 succiso
297 775 439 844 liquerunt
449 777 553 844 poplite
565 778 651 829 nervi.

47 849 168 901 orsitan
180 851 210 897 et
219 845 315 912 Pylius
328 848 399 896 citra
408 847 532 897 Troiane
541 849 659 912 perisset
811 845 859 895 565

47 921 191 984 'emper-a:
207 915 256 966 sed
266 920 359 965 sumto
370 916 461 982 posita
471 917 616 968 conamine
627 917 661 966 ab
672 913 762 978 basta,

49 988 151 1039 rboris
162 985 282 1047 insiluit,
295 999 364 1052 quae
375 984 468 1036 stabat
478 985 617 1052 promma,
627 987 725 1036 ramis:

47 1056 241 1123 respexitque,
252 1054 313 1104 loco
324 1058 417 1115 tutus,
429 1069 511 1120 quem
522 1054 645 1121 fugerat,
656 1053 773 1106 hostem.

47 1126 177 1179 lentibus
187 1123 237 1174 ille
248 1121 329 1175 ferox
339 1124 369 1172 in
380 1137 485 1189 querno
496 1125 591 1187 stipite
601 1124 676 1173 tritis

47 1194 166 1247 mminet
177 1194 276 1254 exitio,
286 1192 430 1256 fidensque
441 1191 597 1242 recentibus
608 1192 693 1241 armis
813 1195 862 1256 37⁰

47 1263 201 1331 ltbryadae
213 1263 306 1328 magni
316 1264 409 1311 rostro
419 1257 511 1323 femur
521 1257 613 1308 bausit
623 1258 739 1310 adunco.

47 1340 66 1388 „t
74 1333 197 1402 gemini,
209 1330 332 1381 nondum
343 1327 474 1379 coelestia
484 1327 589 1390 sidera,
600 1327 710 1390 iratres,

47 1404 121 1456 ‚mbo
131 1399 293 1465 conspicui,
304 1398 366 1448 nive
378 1396 583 1447 candidioribus
594 1397 675 1448 ambo

47 1472 232 1524 lsetabantur
243 1468 334 1536 equis:
351 1464 432 1517 ambo
442 1467 551 1517 vibrata
561 1480 612 1532 per
622 1480 716 1517 auras.

48 1543 191 1593 {astarum
202 1536 324 1589 tremulo
336 1535 499 1604 quatiebant
508 1535 612 1600 spicula
622 1541 710 1586 motu.
812 1536 860 1602 375

47 1611 164 1663 (ulnera
174 1607 319 1669 fecissent3
334 1606 387 1656 nisi
398 1607 501 1672 setiger
512 1605 586 1656 inter
597 1619 697 1671 opacas

47 1679 95 1731 lec
103 1676 206 1731 iaculis
215 1679 295 1738 isset,
305 1690 357 1727 nee
368 1689 438 1742 equo
448 1674 511 1725 loca
520 1675 625 1741 pervia,
636 1675 728 1725 silvas.

47 1747 222 1814 ’ensequitur
232 1745 382 1806 Telamon,
393 1745 542 1811 studioque
552 1745 680 1795 incautus
690 1744 783 1806 eundi,

47 1816 146 1867 ‘tonus
156 1817 191 1867 ab
202 1815 320 1866 arborea
330 1812 430 1877 cedidit
440 1813 534 1865 radice
544 1819 678 1865 retentus.

47 1888 112 1937 lum
122 1885 200 1937 levat
211 1872 398 1946 huncPeleub,
409 1882 527 1935 celerem
534 1883 801 1950 Tegeaeasagittam
812 1879 861 1932 580

47 1954 175 2020 mposuit
185 1966 284 2016 nervo,
294 1954 459 2020 sinuatoque
470 1952 579 2018 expulit
588 1966 664 2003 arcu.

50 2023 110 2074 ⁴¹ira
118 2023 171 2073 sub
181 2037 249 2075 aure
260 2021 313 2073 feri
322 2036 460 2072 summum
471 2022 619 2088 destringit
629 2018 736 2070 arundo

47 2093 162 2158 ¹>orpus‚
173 2097 202 2143 et
212 2093 312 2159 exiguo
323 2091 461 2143 rubefecit
470 2091 604 2157 sanguine
615 2093 697 2140 setas.

51 2160 98 2212 lec
109 2165 203 2212 umen
213 2160 264 2211 illa
273 2161 316 2211 sui
327 2175 453 2212 successu
463 2161 564 2210 laetior
574 2161 655 2220 ictus,

47 2231 131 2292 Quam
143 2229 304 2297 Meleagros
315 2235 384 2281 erat.
403 2229 514 2280 Primus
524 2228 625 2280 vidisse
636 2232 759 2296 putatur,
813 2226 861 2278 585

47 2300 79 2349 lit
87 2300 194 2366 primus
204 2300 286 2350 sociis
296 2300 384 2350 visum
396 2299 549 2351 ostendisse
560 2313 700 2350 cruorem:

47 2368 83 2419 Et
91 2368 239 2432 Meritum,
252 2368 369 2432 dixisse,
379 2367 453 2420 feres
462 2369 576 2418 virtutis
586 2366 733 2418 honorem.

47 2436 184 2490 lirubuere
194 2439 262 2503 viri,
272 2452 356 2505 seque
367 2434 565 2498 exhortantur,
577 2441 606 2487 et
616 2435 721 2486 addunt

47 2504 110 2557 Cum
120 2506 245 2558 clamore
256 2507 377 2568 animos,
387 2506 546 2571 iaciuntque
555 2506 614 2556 sine
626 2504 723 2557 ordine
733 2504 797 2556 tela.
808 2557 812 2567 Ι

47 2574 136 2627 l'urba
146 2580 231 2628 nocet
239 2577 333 2637 iactis,
344 2580 385 2636 et,
396 2588 465 2642 quos
475 2576 560 2641 petit,
570 2573 688 2642 impedit
696 2574 781 2635 ictus,
815 2572 865 2639 bno

47 2640 232 2694 docellirrens
240 2651 338 2695 contra
347 2658 400 2694 sua
411 2642 472 2696 fata
483 2644 645 2714 bipennifer
659 2647 762 2708 Arcas,
