1926 3016
131 156 185 214 344
327 152 358 207 Ρ.
376 151 514 206 ovlml
535 149 715 209 NASONIS

132 256 560 316 vheradentsaturuemanibus
568 258 723 325 pressanda
812 259 863 327 ln,

130 331 212 383 Retia
222 343 284 379 eum
295 327 411 394 pedicis,
421 325 605 394 laqueosque,
614 332 748 449 armaque
778 330 867 384 olom

131 399 246 453 Tollite:
261 412 312 448 nee
321 395 462 447 volucrem
471 395 575 447 viscata
584 394 674 448 fallite
713 412 782 467 rges

72 472 120 537 475
130 468 188 522 Nee
198 464 354 518 formidatis
363 478 461 516 cervos
470 463 604 516 ineludita
612 466 719 532 pluuias

131 537 189 590 Nee
199 536 288 587 celate
298 534 366 585 eihis
375 547 461 584 aneos
471 530 619 585 fallacibus
629 532 737 587 hamus.

130 605 252 669 Perdite,
260 603 285 654 si
294 616 350 671 qua
359 605 469 665 nocent,
480 616 576 723 venqq
586 600 655 655 haee
665 602 879 676 quuqaepemdts

575 678 663 724 nurus.
753 701 756 705 ·

132 744 191 795 Ora
200 744 298 794 raeent
307 740 409 808 epulis:
424 740 611 806 alimentaque
620 756 750 809 mngrua
760 746 877 810 earpnt.

166 812 280 864 Talibus
289 816 372 877 atque
382 809 444 860 aliis
454 812 592 859 instructo
602 813 717 875 pectore
728 810 813 863 dietis

71 879 121 939 teo
129 880 161 933 ln
171 881 289 947 patriam
299 893 438 930 remeasse
448 877 556 940 ferunt,
566 877 699 998 ultroque
709 881 832 946 petitura

131 949 276 1015 Accepisse
286 945 403 997 Numam
451 946 508 1013 puli
518 946 636 998 Latialis
667 948 784 1001 ahenas:

25 1053 26 1056 η
132 1019 257 1083 Coniuge
267 1016 312 1082 qui
324 1014 393 1066 felix
427 1014 656 1085 ympha,dqelhu
690 1015 870 1083 aecanos,

131 1086 277 1138 Sacrilieos
288 1084 382 1136 doeuit
392 1086 475 1148 ritus,
485 1091 666 1153 gentemque,
689 1087 767 1138 erud

130 1158 275 1208 desuetam
285 1153 375 1216 bello,
384 1154 461 1220 paois
471 1154 596 1205 traduxit
606 1154 641 1205 ad
652 1161 737 1206 artes.

71 1223 121 1279 485
131 1226 235 1288 Quem,
249 1228 394 1291 postquam
408 1223 502 1275 senior
516 1237 704 1291 regnumque,
718 1236 868 1293 aerumque

579 1308 611 1344 re
631 1293 662 1355 Ἰ,

131 1362 306 1414 Exstineturn
319 1360 475 1430 Latiaeque
489 1306 588 1424 narres,
603 1307 793 1429 pffipulusqne,
806 1360 854 1415 l’a·

546 1435 605 1482 tres
624 1445 669 1493 ue,

131 1498 277 1551 Dehevere
286 1497 418 1550 Numam:
433 1512 497 1549 nam
508 1445 623 1561 eonius}
631 1498 701 1552 urbe
710 1498 819 1563 relicta,

133 1567 218 1619 Vallis
228 1567 353 1619 Aricinae
364 1567 457 1616 densis
469 1566 540 1618 latet
551 1568 645 1621 abditu
654 1568 746 1619 silvis.

130 1636 269 1701 Sacraque
281 1636 414 1687 Oresteae
425 1636 542 1702 gemitu,
554 1643 706 1704 questuque
715 1637 823 1688 Dianae

72 1708 121 1777 490
131 1704 256 1771 Impedit
275 1701 330 1766 hh,
340 1705 449 1770 quoties
464 1704 610 1772 Nymphae
625 1707 815 1776 nemorisque,
827 1704 862 1756 la·

131 1843 174 1896 Ne
186 1841 302 1905 laceret,
312 1856 459 1907 monuere;
476 1847 504 1896 et
513 1791 686 1896 coqqqqqqqha
695 1845 783 1897 rerba

132 1911 247 1964 Dixere!
264 1911 312 1975 ah,
323 1914 432 1981 quoties
444 1913 521 1965 ilenti
531 1912 665 1965 Theseius
677 1912 770 1977 heros,

134 1981 206 2033 Siste
217 1981 338 2045 modum,
349 1982 431 2032 dixit:
444 1999 531 2050 neque
543 1984 614 2034 enim
625 1983 741 2034 fortuna
752 1980 879 2051 querenda

133 2050 200 2100 Sola
209 2057 258 2101 tua
268 2056 321 2101 est:
337 2051 441 2102 similes
452 2052 570 2102 aliorum
580 2053 687 2118 respice
698 2068 791 2104 casus:

73 2118 123 2187 495
135 2119 233 2168 Mitius
243 2119 297 2166 ista
308 2115 390 2168 feres.
410 2119 577 2187 Vtinamque
588 2121 714 2186 exempla
725 2122 871 2182 dolentem,

133 2187 194 2236 Non
212 2201 273 2237 urea
283 2190 311 2237 te
321 2192 436 2252 possent
445 2186 581 2238 relevare!
596 2189 645 2240 sed
657 2196 686 2241 et
697 2205 760 2240 urea
769 2191 878 2256 possunt

132 2255 229 2308 Fando
241 2255 554 2329 aliquemllippolytum
565 2263 684 2322 uestras,
698 2264 783 2324 puto,
794 2274 855 2310 eon·

486 2327 551 2375 tivit
560 2339 650 2388 aures,

135 2390 305 2443 credulitate
315 2393 415 2459 putris,
426 2365 577 2446 seelerhtae
589 2393 687 2446 fraude
696 2410 842 2461 novercae,

136 2460 304 2512 Occubuisse
314 2463 381 2513 neci.
402 2463 555 2526 Mirabere,
566 2465 665 2531 vixque
676 2465 813 2530 probabas

74 2526 123 2579 iou
135 2526 188 2580 Sed
199 2534 291 2580 tamen
302 2530 350 2582 ille
361 2546 411 2598 ego
422 2548 494 2614 sum..
511 2532 558 2583 Me
568 2531 733 2599 Pasiphaeia
744 2535 878 2653 quondam

134 2597 283 2648 'l'entatum
295 2597 412 2662 frustra,
423 2606 542 2668 patruum
554 2607 705 2654 temerasse
717 2619 750 2654 eu
771 2604 809 2656 ile

135 2662 229 2732 [Quod
239 2666 340 2731 volalt,
354 2669 435 2722 finxit
444 2669 577 2723 voluisses
592 2675 622 2725 et
631 2672 745 2725 erimine
754 2670 855 2740 reram]
