1926 3016
10 39 19 111 l

151 156 575 214 usrenonruosnou
592 120 672 214 era'.
690 159 757 215 xv.
769 160 835 219 isli

70 262 340 319 Posteediseedunt
349 264 455 330 pariter
464 276 631 335 somnusque
641 265 783 334 Deusqua.
848 265 881 318 25

69 335 167 404 Surgit
178 334 368 397 Alemonides,
378 335 520 400 tacitaque
532 336 656 385 recentia
666 342 759 388 mente

68 408 137 460 l'isa
146 403 250 466 refert,
261 409 423 470 pugnatque
433 404 480 453 diu
491 405 631 464 sententia
640 419 742 457 seeum.

67 476 177 529 Numen
188 475 266 527 abire
276 474 366 524 iubet:
382 471 532 539 prohibent
542 473 686 525 discedere
696 475 785 542 leges:

67 547 220 612 Poenaque
230 556 305 594 mors
317 545 462 610 positaest
471 545 590 610 patriam
602 550 710 596 mutare
721 544 834 597 volenti.

68 615 210 668 Carrdidus
220 614 332 665 Oceano
345 613 462 664 nitidum
474 619 557 680 eaput
565 613 714 665 abdiderat
725 613 784 679 Sol,
846 615 880 668 50

67 687 105 738 Et
115 688 202 751 caput
211 682 354 734 extulerat
363 679 526 735 densissima
536 684 674 736 sidereum
687 691 758 735 nox:
814 710 817 715 ·

67 755 151 806 Visus
162 752 260 804 adesse
270 752 343 803 idem
355 753 432 805 Deus
444 760 499 816 est,
511 754 664 821 eodemque
676 768 805 819 monere3

67 825 116 888 Et,
128 824 182 874 nisi
193 825 333 888 paruerit,
345 825 426 889 plura
438 832 466 874 et
476 825 606 892 graviora
616 825 741 875 minari..

68 894 229 955 Pertimuit,
241 895 417 962 patriumque
429 895 511 944 simul
522 894 678 945 transferre
688 894 805 960 parabat

68 966 98 1017 ln
109 964 193 1016 sedes
203 963 347 1029 perratrale
359 979 457 1026 novas5
473 966 507 1014 tit
517 979 644 1013 murmur
654 965 682 1013 in
692 965 770 1026 urbe,
846 964 879 1016 35

69 1033 834 1101 spretarumqueagiturlegumreuszutqueperactaest

70 1106 173 1156 Caussa
183 1105 269 1169 prior,
281 1105 442 1170 crimenque
449 1104 589 1169 patetsine
597 1108 669 1154 teate
677 1104 834 1169 probatum,

71 1172 219 1243 Squalidus
230 1173 264 1222 ad
278 1172 400 1239 Superos
413 1173 515 1224 tollens
526 1188 591 1223 reus
602 1187 653 1223 ora
662 1188 826 1242 manusque,

71 1245 90 1295 0
102 1246 148 1296 oui
159 1245 204 1293 ius
214 1241 287 1294 coeli
297 1245 339 1295 bis
350 1259 400 1294 sex
411 1242 504 1294 fecere
515 1242 635 1304 labores,

72 1314 120 1368 Fer
136 1326 251 1382 precor,
268 1314 372 1381 inquit,
388 1327 480 1380 opem:
499 1328 561 1362 nam
578 1318 611 1362 tu
624 1310 693 1363 niihi
708 1312 830 1365 oriminis
845 1314 879 1366 40

488 1386 595 1432 auctor.

71 1454 130 1506 llos
141 1457 205 1507 erat
215 1453 358 1521 antiquus,
368 1451 455 1503 niveis
466 1453 589 1520 atrisque
600 1451 712 1518 lapillis,

69 1524 119 1577 His
130 1524 352 1584 damnaremus,
364 1522 421 1572 illis
432 1522 576 1575 absolvere
588 1523 695 1589 culpae.

67 1592 147 1646 Nunc
158 1607 268 1661 quoque
280 1593 319 1643 sio
330 1593 388 1643 lata
399 1598 442 1644 est
452 1595 700 1659 sententiatristis3
710 1595 833 1646 etomnis

67 1663 200 1716 Calculus
212 1663 346 1714 immitem
357 1663 515 1715 demittitur
526 1665 626 1716 aterio
639 1680 747 1715 urnam.

66 1735 147 1798 Quae
159 1730 244 1782 simul
255 1731 355 1784 effudit
364 1734 551 1785 numerandos
562 1750 641 1785 versa
651 1733 778 1800 lapillos3
846 1733 877 1782 45
893 1720 903 1743 ⁸

66 1804 205 1857 Omnibus
216 1817 231 1853 e
242 1803 412 1869 nigro'eolor
422 1809 466 1854 est
476 1808 599 1854 mu'tntus
609 1805 637 1854 in
650 1804 757 1854 album:
856 1816 861 1827 ·

65 1873 249 1939 Candidaque
260 1871 402 1931 Herculeo
413 1874 552 1921 sententio
562 1887 677 1920 munere
688 1865 777 1921 sacta'

10 1982 12 1993 .
64 1944 162 1997 Solvit
172 1940 363 1994 Alemoniden.
384 1940 486 1990 Grates
497 1939 556 2003 agit
566 1938 615 1988 ille
626 1940 736 2002 parenti

63 2011 350 2080 Amphitryoniadem
365 2010 511 2073 ventisque
522 2005 678 2057 laurentibus
689 2017 795 2076 aequior

65 2085 190 2150 Navigat
200 2082 322 2143 lonium,
332 2077 640 2144 Lacedaemoniumque
651 2078 805 2128 Tarentum
847 2079 879 2132 50

65 2152 223 2214 Praeterit,
236 2156 264 2202 et
275 2149 410 2216 Sybarin,
421 2145 651 2214 Salentinumque
661 2146 830 2199 Neaetbumt

65 2223 268 2288 'l'lnurinosque
279 2222 369 2282 sinus,
380 2220 585 2287 l'emesenque,
596 2223 624 2268 et
635 2219 746 2285 liipygis
757 2232 831 2270 arva

65 2295 180 2360 Vixque
192 2292 358 2356 pererratis,
369 2302 440 2356 quae
451 2293 577 2354 spectant
587 2287 697 2350 littora,
707 2288 791 2340 terris

68 2362 182 2416 levenit
191 2361 305 2412 Aesarei
316 2359 414 2410 letalia
424 2356 545 2408 lluminis
557 2367 619 2409 ora:

67 2431 237 2498 Neo-procul
248 2428 522 2491 hinetumulunr‚sub
530 2427 836 2496 quoaoorataCrotonls
846 2427 879 2481 55

69 2503 144 2554 Ossa
154 2500 267 2568 tegebat
278 2498 392 2551 huniuss
408 2499 538 2567 iussoque
549 2499 586 2549 ibi
598 2499 708 2549 moenia
718 2502 796 2551 terro

71 2571 216 2632 Condidit,
228 2577 257 2621 et
267 2579 368 2622 nomen
378 2568 509 2620 tumulati
520 2570 606 2619 traxit
616 2570 644 2620 in
654 2568 760 2622 urbem.

69 2641 311 2694 Taliumonstobat
321 2645 399 2691 certa
409 2641 561 2705 primordio
571 2638 646 2691 fania

10 2692 14 2775 Ι
71 2711 141 2766 usse
152 2711 221 2778 loci,
231 2710 396 2780 posimeque
405 2710 485 2764 ltalia
494 2712 524 2763 ie
534 2711 636 2764 tinibus
644 2707 731 2765 urbis.
