1926 3016
129 170 182 226 252
313 168 343 222 r.
362 168 506 224 ovum
524 138 710 222 ursonis

129 276 265 342 Optabat3
278 273 440 341 nullamque
451 273 504 325 sibi
515 271 681 339 praeferret.
702 274 739 326 nt
747 271 793 324 illi

127 346 190 398 lloe
200 345 235 397 (le
244 349 288 396 tot
297 346 369 397 votis
380 349 492 410 poterat
504 343 666 409 contingere
676 341 778 394 solum.

163 415 200 466 Αἰ
210 414 271 466 Dea
282 430 339 465 non
350 413 425 465 ultra
434 428 485 481 pro
497 412 594 463 functe
605 416 696 464 morte
706 413 805 480 rogari

131 483 269 537 Sustinet=
284 490 369 552 utque
380 497 478 534 manus
489 482 615 534 funestas
624 487 721 534 arceat
729 483 802 547 aris3

71 554 285 617 5851ri,meae,
297 552 728 616 dixit‚lidissimanuntievoeis,
903 581 915 621 q-

129 623 195 676 Vise
206 622 390 690 soporiferum
402 621 497 674 Somni
509 622 644 673 velociter
653 621 761 673 aulam:
904 646 915 681 q

130 695 311 761 Extinctique
322 693 385 745 iube
397 693 496 760 Ceycis
506 691 626 759 imagine
638 692 735 742 mittat
908 700 915 752 q

131 762 245 815 Somnia
255 762 291 812 ad
300 761 573 829 Halcyonen,ver0s
583 761 730 812 narrantia
739 775 829 814 casus.
857 781 860 785 ·
909 771 915 820 l

131 832 259 884 Dixerat.
279 830 787 883 lnduiturvelaminamilleeuletum
908 840 914 845 ··

71 901 121 972 590
130 902 195 964 Iris,
207 907 236 954 et
245 908 364 969 arquato
375 901 483 953 eoelum
495 902 655 953 curvamine
664 900 783 968 signans
906 854 915 973 ξ

130 972 299 1039 Teutaqetit
308 972 376 1020 iussi
386 971 438 1022 sub
449 986 518 1038 rupe
528 971 647 1024 latentia
656 973 741 1038 regis.
912 1004 915 1027 ;

165 1042 217 1094 Est
226 1055 312 1107 prope
322 1041 486 1093 Cimmerios
497 1040 581 1108 longo
593 1040 727 1108 spelunea
735 1053 855 1102 recessu,
913 1058 915 1063 ·

130 1110 214 1164 Mons
225 1125 320 1173 cavus,
330 1111 423 1177 ignavi
434 1110 534 1162 domus
545 1120 575 1162 et
584 1109 743 1177 penetralia
753 1108 859 1163 Sernnir

131 1181 193 1242 Quo
204 1188 346 1247 nunquam
356 1180 444 1231 radiis
455 1182 562 1243 oriens,
572 1179 728 1245 mediusve,
737 1179 868 1232 adeam

70 1252 120 1320 595
131 1250 259 1303 Phoebus
269 1250 349 1301 adire
359 1255 461 1317 potest.
481 1249 606 1302 Nebulae
616 1249 738 1318 ealigine
747 1250 859 1300 mistae·

131 1319 306 1373 Exhalantur
317 1319 415 1383 bunio,
426 1320 581 1388 dubiaeque
592 1318 759 1386 crepuscula
767 1318 844 1371 lueis·

130 1389 193 1442 Non
202 1390 271 1457 vigil
281 1389 340 1442 ales
350 1390 388 1441 ibi
400 1391 509 1442 cristati
518 1390 643 1441 cantibus
654 1390 713 1440 oris

130 1460 236 1511 Evocat
245 1462 395 1511 Auroram:
410 1474 539 1512 neeveee
549 1459 664 1511 silentia
673 1463 810 1528 rumpunt

132 1527 287 1579 Sollicitive
299 1542 393 1590 canes,
404 1529 552 1581 canibusve
562 1530 691 1597 sagacior
701 1543 794 1582 anser.

72 1597 121 1650 600
131 1596 195 1650 Non
205 1596 279 1659 fera,
289 1611 346 1648 non
356 1598 489 1663 pecudes,
499 1614 556 1649 nen
566 1600 635 1650 moti
647 1599 762 1651 flamine
771 1599 851 1662 rami,

131 1667 313 1720 Humanueve
324 1683 422 1718 sonum
434 1669 556 1720 reddunt
567 1669 693 1720 convicia
702 1668 826 1738 linguae.

132 1738 215 1789 Muta
225 1738 303 1804 quies
313 1736 429 1789 habitat.
449 1737 523 1790 Saxo
533 1743 628 1790 tamen
638 1741 697 1791 exit
707 1741 743 1791 ab
753 1740 811 1791 imo

132 1806 890 1877 RivusaquaeLetbes:perquenreummurmurelabens

132 1879 236 1933 Invitat
246 1892 357 1927 somnos
369 1880 571 1944 crepitantibus
581 1879 656 1930 unda
666 1878 783 1944 lapillis.

74 1945 123 1999 605
133 1951 204 2001 Ante
214 1948 291 1999 fores
302 1950 375 1999 antri
387 1947 507 2000 secunda
517 1963 657 2014 papavera
667 1947 780 2012 tierent,

133 2020 352 2086 Innumeraeque
362 2017 478 2070 herbae:
496 2033 613 2086 quarum
625 2019 659 2069 de
669 2018 744 2070 lacte
756 2031 880 2084 soporem

134 2088 198 2140 Nox
209 2087 290 2154 legit,
302 2093 330 2139 et
338 2091 445 2155 spargit
455 2104 505 2154 per
517 2103 618 2154 opacas
629 2086 744 2138 humida
755 2093 852 2138 terras.

134 2158 230 2219 lanua,
242 2172 313 2224 quae
323 2172 403 2209 verso
414 2158 564 2209 stridorem
575 2157 690 2209 cardine
700 2157 811 2221 reddat,

134 2226 219 2278 Nulla
229 2226 312 2278 demo
323 2232 398 2292 tota;
413 2233 506 2279 eustos
516 2229 544 2278 in
555 2227 651 2283 limine
661 2227 766 2279 nullus.
859 2248 862 2252 ’

75 2294 125 2348 6ιο
135 2296 172 2347 nt
181 2297 272 2348 medie
282 2302 362 2348 torus
374 2302 429 2359 est,
441 2299 528 2349 ebeno
539 2298 666 2348 sublimis
677 2299 706 2347 in
717 2302 790 2361 atra,

134 2364 279 2430 Plumeus,
290 2367 429 2429 unicolor,
440 2367 517 2433 pullu
527 2368 664 2418 velamine
675 2372 781 2418 tectus:

135 2436 197 2497 Quo
209 2436 292 2487 cubat
302 2438 360 2503 ipse
372 2436 462 2500 Deus,
473 2438 603 2488 membris
614 2436 752 2504 languore
763 2435 871 2487 solutis.

136 2505 219 2555 Hune
229 2507 302 2556 cirea
313 2506 427 2572 passim,
437 2509 529 2556 varias
539 2507 678 2557 inritantia
689 2505 806 2569 formas,

137 2573 250 2626 Somnia
259 2590 329 2625 vana
340 2577 432 2628 iacent
443 2576 573 2638 totidem,
589 2582 657 2644 quot
668 2577 767 2628 messis
776 2576 883 2636 aristes,

77 2643 127 2698 615
138 2643 214 2695 Silva
223 2646 296 2710 gerit
307 2644 431 2708 frendes,
442 2647 546 2698 eiectas
557 2647 635 2697 littus
646 2660 755 2697 arenas.

136 2715 199 2781 Quo
208 2713 294 2768 simul
304 2715 620 2784 intrarit,nanihusqne
630 2716 774 2769 abstantia
783 2713 863 2783 virge
