1926 3016
85 112 103 127 ”
159 128 746 186 ΜΕΤΛΜοιιΡΗοεΕοΝωΒ.Χι.
783 135 834 189 aar
885 103 889 111 Κ

74 235 159 298 Quem
176 246 253 284 mare
269 235 430 303 carpentem
444 235 646 303 substrictaque
662 253 743 290 crura
757 254 803 307 ge·

487 308 594 354 rentem
664 351 666 357 ,

71 371 205 438 Adspicis,
216 369 376 432 {ostendens
388 372 539 437 spatiosum
550 377 665 439 guttura
675 379 811 440 mergum)

72 442 158 509 Regia
169 441 330 507 progeniem
346 445 387 502 et,
398 442 421 490 si
433 441 601 493 descendere
611 442 747 508 adipsum

72 510 177 562 Ordine
187 513 322 576 perpetuo
334 511 535 577 quaeris‚sunt
543 508 625 560 huius
636 512 715 578 origo
848 511 896 582 755

71 579 141 642 llus,
153 583 184 630 et
193 580 357 646 Assaracus,
369 585 521 647 raptusque
530 576 590 630 Iovi
600 577 787 647 Ganymedes,

71 646 838 715 Laomedonquesenex‚PriamusquenovissimaTroiae

72 721 216 784 Tempora
225 717 349 767 sortitus.
370 717 471 769 Frater
482 716 536 768 fuit
544 716 676 770 Hectoris
685 719 752 775 iste:

72 788 126 850 Qui
137 786 193 838 nisi
204 786 338 838 sensisset
347 787 435 853 prima
444 801 515 838 nova
527 786 586 839 fata
596 790 718 852 iuventa,
938 848 940 851 ¹

72 856 205 910 Forsitan
214 853 331 906 inferius
342 870 397 907 non
408 855 530 908 Hectore
542 872 642 908 nomen
653 856 783 911 haberet:
849 857 897 923 750

73 926 207 989 Quamvis
219 929 262 976 est
271 925 349 983 illum
361 927 453 992 proles
465 927 547 979 enixa
557 927 714 994 Dymantis.

61 999 198 1061 ¹Aesacon
209 995 341 1046 umbrosa
352 994 447 1046 furtim
458 998 600 1062 peperisse
611 997 662 1048 sub
672 997 722 1048 lda

72 1066 177 1117 Fertur
186 1062 335 1116 Alexirhoii
341 1101 349 1127 ‚
360 1064 480 1115 Granico
491 1070 556 1117 nata
566 1067 682 1118 bicorni.

74 1134 181 1187 Oderat
190 1131 236 1204 liic
245 1134 341 1186 urbes:
356 1135 499 1201 nitidaque
510 1139 634 1185 remotus
645 1136 679 1186 ab
690 1136 755 1186 aula

76 1203 206 1256 Secretos
216 1208 338 1265 montes,
350 1209 379 1254 et
389 1204 566 1254 inambitiosa
576 1203 688 1255 colebat
850 1201 898 1270 705

74 1273 165 1325 Rura:
181 1285 233 1323 nec
243 1271 343 1325 lliacos
355 1278 462 1334 coctus,
474 1272 526 1322 nisi
536 1286 630 1335 rarus,
641 1272 743 1323 adibat.

76 1342 138 1396 Non
150 1346 262 1408 agreste
272 1347 381 1404 tamen,
392 1357 443 1392 nec
453 1340 668 1408 inexpugnabile
678 1341 772 1392 Amori

76 1411 178 1464 Pectus
188 1408 306 1474 habens,
317 1410 401 1462 silvas
411 1415 548 1476 captatam
561 1425 643 1476 saepe
653 1423 703 1476 per
714 1425 809 1462 omnes

76 1481 203 1547 Adspicit
213 1481 367 1546 Hesperien
378 1482 471 1546 patma
484 1479 638 1531 Cebrenida
648 1480 718 1546 ripa,

75 1551 199 1603 lnieotos
210 1548 332 1602 humeris
342 1552 492 1601 siccantem
504 1550 564 1601 sole
575 1549 700 1618 capillos.
852 1563 901 1616 770

75 1622 146 1672 Visa
156 1617 231 1688 fugit
240 1618 381 1687 Nymphe‚
392 1619 478 1670 veluti
490 1621 640 1687 perterrita
651 1618 757 1677 fulvum

77 1691 167 1742 Gerra
178 1688 287 1756 lupum,
296 1689 435 1758 longeque
447 1686 510 1739 lacu
520 1687 657 1754 deprensa
668 1689 766 1741 relicto

76 1759 245 1825 Accipitrem
256 1757 374 1810 fluvialis
385 1761 461 1808 airas.
482 1757 571 1820 Quam
583 1759 686 1810 Troius
697 1756 780 1810 heros

75 1828 249 1896 Insequitur:
266 1825 385 1880 celerem
406 1843 440 1880 ue
452 1833 527 1880 metu
538 1827 614 1880 celer
623 1833 705 1894 urget
715 1840 819 1879 amore.

76 1899 149 1950 Eece
159 1897 251 1950 latens
261 1895 349 1950 herba
360 1844 473 1949 coluber
485 1896 616 1964 fugientis
627 1896 737 1948 adunco
854 1895 901 1960 775

75 1967 170 2020 Dente
181 1967 278 2034 pedem
290 1968 416 2031 strinxit3
433 1969 562 2034 virusque
572 1970 601 2015 in
613 1979 731 2030 corpore
742 1962 832 2031 liquit.

76 2038 146 2088 cnm
158 2037 217 2088 rita
227 2051 375 2104 suppressa
386 2036 453 2105 iuga
464 2040 514 2088 est.
534 2032 720 2102 Amplectitur
729 2047 824 2084 amens

76 2107 252 2158 Exanimem:
268 2106 434 2176 clamatque,
445 2105 533 2173 Piget,
544 2106 620 2172 piget
631 2118 693 2156 esse
702 2106 841 2167 secutum:

76 2175 132 2227 Sed
143 2190 200 2226 non
210 2174 264 2228 hoc
273 2177 367 2227 timui:
384 2191 435 2228 nec
445 2180 506 2227 erat
516 2171 583 2225 mihi
593 2174 703 2225 uncere
713 2170 794 2223 tanti.

76 2245 253 2297 Perdidimus
264 2246 393 2298 miseram
404 2260 455 2296 nos
466 2251 494 2298 te
505 2243 569 2296 duo.
579 2243 689 2297 Vulnus
700 2241 735 2293 ab
746 2254 844 2309 angue,
855 2241 903 2309 780

76 2316 99 2366 A
109 2328 155 2366 me
166 2329 266 2366 caussa
276 2314 342 2368 data
352 2320 402 2367 est.
423 2314 484 2383 Ego
495 2315 547 2364 sim
558 2311 722 2366 sceleratior
732 2308 792 2374 illo,
893 2331 896 2338 ·

75 2384 112 2436 Ni
123 2385 174 2436 tibi
185 2389 276 2437 morte
288 2400 350 2437 mea
360 2386 458 2436 mortis
468 2383 570 2436 solatia
579 2383 698 2434 mittam.

76 2451 172 2505 Dixit:
191 2454 387 2522 etescopulo,
416 2469 479 2505 uem
491 2467 577 2505 rauca
586 2450 737 2505 subederat
746 2449 830 2514 unda,

78 2523 114 2576 Se
124 2521 204 2576 dedit
213 2524 242 2574 in
253 2529 378 2592 pontum.
400 2525 405 2542 '
426 2520 508 2590 ethys
519 2523 651 2573 miserata
661 2518 805 2573 cadentem

78 2592 207 2646 Molliter
217 2596 340 2660 excepit:
355 2597 523 2661 nantemque
533 2605 583 2659 per
593 2604 716 2658 aequora
726 2589 823 2656 pennis
857 2585 903 2656 785

77 2659 346 2786 Τοδιὲεέῒιῗῗῐαωθ
357 2678 413 2716 non
424 2668 468 2714 cst
478 2661 545 2715 data
555 2661 633 2729 copia
638 2661 743 2781 1prortis
