1926 3016
143 158 556 215 METAMORPHOSEON
573 160 652 214 LIB.
671 157 752 215 XIV.
776 156 827 217 327

68 263 825 333 Hocquoquenonpotuit:paulatimqueoccupatartus,

67 335 151 399 Quod
161 334 215 387 suit
225 335 253 385 in
265 335 334 403 duro
346 335 399 384 iam
411 333 516 399 pridem
528 340 651 399 pectore,
662 347 767 387 saxunr.

67 406 144 458 Neve
155 419 190 456 ea
198 405 265 454 ficta
275 410 367 470 putas,
379 403 506 454 dominae
517 404 567 454 suli
577 404 698 470 imagine
707 406 815 472 siguum

66 473 167 527 Servat
181 471 271 524 adhuc
283 472 415 524 Salamist
429 473 547 526 Veneris
559 486 671 590 lquoque
685 475 796 528 nomine
837 476 886 544 760

482 547 536 592 tem
571 544 617 592 um

65 610 265 677 Prospicientis
275 608 367 661 habet.
379 610 503 676 Quorum
514 556 727 674 nigmormmea,
733 611 825 663 lentos

64 681 157 742 Pone,
167 694 279 747 precor,
290 679 392 740 fastus,
401 685 430 731 et
439 681 543 730 anranti
553 680 676 747 iungere,
688 679 823 748 Nympha.
889 718 895 731 .

64 749 111 802 Sic
121 750 174 800 tibi
183 765 235 800 nec
245 764 358 800 vernum
370 749 512 800 nascentia
523 748 610 816 frigus
621 748 721 801 adurat

63 819 165 882 Poma,
176 833 228 870 nec
238 819 379 870 excutiant
389 819 478 883 rapidi
489 818 619 870 iloreutia
629 819 712 870 renti.

64 889 145 941 Haec
156 887 203 939 ubi
213 888 396 955 nequidquam
408 887 594 939 formasDeus
605 895 687 955 aptus
695 889 725 939 in
731 901 826 940 omnes
839 887 885 954 765

64 957 174 1019 Edidit,
184 957 213 1007 in
223 958 349 1008 iuvenem
360 957 460 1020 rediit,
467 964 496 1009 et
506 957 591 1008 anilia
601 957 688 1009 demit

65 1027 254 1078 instrumenta
263 1024 328 1076 sibi:
343 1026 462 1090 talisque
474 1028 602 1092 apparuit
611 1026 662 1089 illi,

66 1095 165 1156 Qualis
176 1095 223 1144 ubi
234 1096 375 1161 oppositas
386 1094 551 1146 nitidissima
561 1095 634 1147 Solis
645 1097 738 1164 imago

65 1164 156 1216 Evicit
165 1164 267 1226 nubes,
278 1163 410 1229 nullaque
422 1164 548 1214 obstante
559 1165 672 1216 reluxit.

66 1233 185 1299 Vimque
196 1238 287 1298 parat:
303 1232 352 1283 scd
362 1233 388 1281 vi
399 1248 454 1282 non
465 1237 509 1283 est
519 1247 602 1297 opus;
617 1234 700 1300 inque
711 1234 800 1300 ligura
837 1250 885 1300 770

68 1303 156 1368 Capta
165 1301 220 1352 Dei
230 1300 358 1368 Nymphe
369 1307 423 1352 est:
440 1306 574 1365 etmutua
584 1300 700 1353 vulnera
711 1303 803 1353 sentit.

99 1370 247 1423 Proximus
258 1372 393 1422 Ausonias
405 1370 500 1420 iniusti
511 1369 590 1421 utiles
600 1370 694 1421 Amuli

66 1440 150 1492 Rexit
161 1453 240 1506 opes:
258 1440 443 1507 Numitorque
454 1454 538 1490 senex
549 1441 651 1490 antisse
662 1443 791 1506 nepotum

65 1509 184 1561 Munere
195 1525 281 1577 regna
291 1509 375 1575 capit:
392 1509 525 1576 testisque
536 1509 669 1560 Palilibus
679 1509 756 1561 urbis

65 1576 179 1630 Moenia
189 1580 352 1630 conduntur.
372 1580 537 1650 Tatiusque,
548 1584 694 1647 patresque
706 1577 801 1630 Sabini
838 1576 886 1643 775

65 1647 149 1698 Bella
158 1653 270 1714 gerunt:
286 1649 412 1715 arcisque
422 1651 467 1699 via
477 1651 595 1714 'l'arpeia
605 1650 713 1700 reclusa

66 1716 102 1767 Di
124 1731 159 1767 na
171 1717 289 1767 eitimam
302 1732 391 1783 poena
402 1720 540 1784 congestis
552 1719 629 1769 exuit
639 1719 731 1770 armis.

65 1731 134 1837 luffa
144 1786 198 1834 sati
209 1786 339 1848 Curibus,
350 1788 499 1837 tacitorum
511 1802 586 1839 more
597 1787 737 1854 luporum,

66 1854 122 1906 Ore
132 1860 262 1920 premunt
272 1871 364 1906 voces:
380 1867 409 1912 et
420 1871 538 1922 corpora
547 1857 619 1906 ricta
629 1870 729 1922 sopore

65 1923 215 1986 Invadunt,
227 1929 376 1991 portasque
389 1930 497 1989 petunt,
509 1939 576 1990 quus
586 1923 675 1974 obiice
685 1926 767 1975 firma
837 1926 886 1993 780

66 1991 212 2044 Clauserat
222 1993 332 2045 iliades.
353 1993 443 2044 Vnam
452 1997 544 2042 tamen
556 1992 616 2057 ipsa
626 1992 756 2054 recludit,

66 2060 126 2114 Nec
136 2063 284 2128 strepitum
295 2076 375 2114 verso
387 2059 517 2112 Saturnia
527 2059 640 2113 cardine
651 2060 726 2112 fecit.

67 2129 134 2182 Sola
144 2130 239 2183 Venus
250 2139 345 2199 portae
357 2131 488 2182 cecidisse
499 2131 632 2198 repagula
643 2131 742 2182 sensit:

66 2201 103 2252 Et
113 2199 243 2252 clausura
254 2201 321 2264 iuit3
337 2201 389 2251 nisi
400 2200 473 2269 quod
483 2201 641 2252 rescindere
651 2213 802 2267 numquam

66 2269 119 2321 Dis
130 2269 197 2321 licet
208 2276 270 2321 acta
280 2271 380 2321 Deum.
400 2271 467 2320 lano
478 2270 540 2321 loca
550 2271 645 2320 iuncta
655 2269 788 2341 tenebant
837 2269 886 2333 785

67 2338 171 2391 Naides
181 2339 331 2402 Ausoniae,
342 2339 434 2406 gelido
444 2340 569 2389 rorantia
580 2337 670 2390 sontes

67 2409 127 2459 llas
136 2414 220 2475 rogat
229 2409 376 2475 auxiliumt
389 2407 590 2474 nechmphae
601 2410 674 2458 iusta
684 2411 823 2474 petentem

68 2475 231 2529 Sustinuere
242 2479 344 2530 Deamt
357 2493 495 2545 uenasque
507 2483 534 2527 et
545 2475 657 2527 tluniina
667 2475 751 2528 fontis

67 2546 197 2598 Elicuerc
207 2549 257 2597 sui.
277 2546 405 2599 Nondum
415 2554 507 2598 tamen
518 2547 590 2598 invia
600 2547 659 2597 lani
904 2591 910 2597 .

68 2617 127 2668 Ora
138 2618 258 2682 patentis
270 2621 362 2678 erant,
374 2630 462 2685 neque
473 2617 528 2667 iter
536 2615 727 2682 praecluserat
736 2613 818 2665 uirida.
839 2631 887 2681 790

67 2686 175 2738 Lurida
184 2691 343 2754 supponunt
352 2685 470 2739 fecundo
480 2684 587 2737 sulfura
597 2684 677 2749 fonti,
