1926 3016
238 65 290 121 150
406 102 409 106 Α
431 61 463 116 Ρ.
481 59 623 117 evron
638 59 819 117 assalire

236 166 360 223 Aeoliam
371 164 488 219 Pitanen
499 163 606 218 alaeve
614 169 695 232 parte
704 165 848 236 relinquit,

236 236 375 305 Factaque
385 235 420 287 de
430 249 497 286 saxo
507 233 583 303 longi
594 234 740 286 simulacra
749 234 853 288 dmcon

235 304 404 374 Idaeumque
413 318 523 355 namnet
538 317 606 372 qno,
617 304 674 354 nati
685 302 773 367 furta,
783 304 853 358 iuven

175 371 227 426 too
237 373 365 425 Occuluit
374 372 459 424 Liber
470 370 532 423 falsi
543 371 593 422 sub
603 371 723 438 imagine
732 373 817 423 cervi:

237 441 352 510 Quaque
362 447 443 508 pater
453 437 571 508 Corythi
580 453 665 507 parva
675 439 853 493 tumulatusa

237 511 273 561 Et
284 526 352 579 quos
363 511 459 562 Maera
468 523 540 560 noro
550 507 654 560 latratu
664 511 766 560 terruit
775 524 853 579 agros

236 578 429 647 Eurypylique
439 577 549 640 urbem,
578 593 615 628 ua
625 578 698 629 Coae
710 592 814 630 cornua
823 595 853 631 m

238 649 401 710 Cesserunt,
411 652 471 698 tum
483 662 545 700 cum
575 646 708 699 'taederet
716 647 848 699 Herculis

177 717 226 771 565
238 715 448 784 Phoebeamque
458 715 588 779 Rhodon,
600 721 628 768 et
636 716 756 784 lilysios
765 715 853 769 Teleh

237 785 362 847 Quorum
373 785 485 836 oculosi
506 799 536 836 so
547 787 676 837 vitiantes
687 787 778 837 omnia
787 783 849 833 visu

237 855 342 920 lnpiter
352 867 465 916 exosus,
475 801 606 905 sdaternis
616 854 739 906 subdidit
748 855 839 906 undis.

238 924 352 975 Transit
361 926 390 974 et
399 922 528 990 antiquae
539 921 668 975 Cartheia
677 924 786 976 moenia
798 924 853 977 Cen

237 992 299 1054 Qua
309 995 388 1057 pater
398 991 553 1043 Alcidamas
563 991 702 1058 placidam
711 993 745 1045 de
756 1007 853 1059 corpor

178 1059 228 1125 370
239 1061 393 1112 Miraturus
403 1065 465 1112 erat
473 1061 549 1112 nasci
559 1063 682 1128 potuisse
692 1060 853 1113 columbam

173 1193 176 1198 ι
236 1130 304 1182 Inde
315 1130 391 1181 lacus
401 1129 506 1195 Hyries
516 1130 605 1193 ridet,
616 1136 645 1182 et
655 1131 776 1197 Cycneia
785 1131 853 1183 Tem

237 1200 316 1262 Quae
326 1199 433 1250 subitus
443 1198 593 1250 celebrarit
603 1199 672 1250 olor.
692 1199 762 1252 Nam
773 1198 853 1267 Phyll

237 1269 357 1334 Imperio
367 1268 445 1334 pueri
455 1267 637 1334 volucresque
648 1267 792 1338 ferumque
803 1268 853 1321 leo;

237 1336 406 1389 Tradiderat
415 1335 547 1387 domitos:
556 1341 668 1388 taurum
674 1352 784 1406 quoque
790 1339 853 1391 rino

178 1397 227 1471 575
238 1405 364 1466 Vicerat3
381 1408 421 1466 et,
431 1409 525 1470 spreto
534 1406 619 1457 toties
630 1408 719 1458 iratus
729 1420 833 1470 amore,

237 1471 364 1524 Praemia
373 1474 498 1538 poscenti
507 1477 619 1525 taurum
629 1490 758 1542 suprema
767 1490 853 1544 negas

236 1541 288 1592 llle
297 1541 469 1608 indignatus,
481 1542 579 1609 Cupies
589 1543 670 1607 dare,
680 1543 763 1596 dixit:
779 1550 809 1597 et
817 1544 853 1597 alt

236 1609 359 1660 Desiluit
368 1625 444 1661 saxo.
467 1612 563 1663 Cuncti
575 1613 706 1665 cecidisse
716 1613 853 1679 putabant

236 1678 339 1730 Factus
350 1678 413 1731 olor
423 1680 509 1731 niveis
519 1681 658 1747 pendebat
668 1683 697 1732 in
708 1685 774 1733 aera
783 1697 853 1749 penu

178 1747 227 1798 580
236 1749 272 1799 At
282 1748 408 1813 genetrix
417 1748 521 1816 Hyrie,
531 1752 633 1801 servati
643 1753 748 1814 nescia,
759 1749 853 1803 flendo

236 1816 373 1868 llelicuit:
388 1821 431 1867 sta
451 1831 572 1885 numque
582 1832 633 1869 suo
644 1817 678 1870 de
689 1821 801 1870 nomine
813 1819 853 1873 fet

235 1886 351 1937 Adiacet
360 1884 404 1936 his
414 1831 549 1938 Pdeuron:
563 1887 593 1937 in
603 1902 658 1955 qun
667 1887 853 1955 trepidantibu

237 1953 341 2020 Ophias
352 1953 450 2022 cffugit
458 1960 588 2006 natorum
599 1955 715 2008 vulnera
725 1956 836 2008 Combe.

237 2024 305 2074 lnde
316 2023 467 2076 Calaureae
478 2024 612 2075 Letoidos
623 2023 741 2091 adspicit
750 2039 827 2090 arva,

179 2097 227 2149 385
237 2092 268 2142 In
279 2092 420 2143 volucrem
431 2093 504 2143 versi
514 2107 575 2143 cum
586 2094 702 2160 coniuge
712 2095 853 2146 consciam

237 2161 363 2212 Dextera
369 2160 484 2227 Cyllene
495 2167 549 2213 est:
560 2163 588 2211 in
599 2176 653 2228 qua
663 2162 853 2218 cummatrehl

240 2230 443 2281 Concubiturus
454 2235 527 2292 erat,
537 2245 680 2282 saevarum
691 2245 768 2284 more
778 2230 853 2284 ferar

238 2296 375 2363 Cephison
385 2297 482 2365 procul
493 2297 556 2350 hine
565 2298 713 2351 deflentem
724 2300 784 2351 sata
793 2316 853 2367 nepe

237 2366 361 2430 Respicit
370 2367 399 2416 in
409 2367 543 2419 tumidam
554 2365 663 2420 Phocen
674 2370 708 2420 ab
717 2369 853 2436 Apolline

178 2436 229 2504 590
239 2434 400 2502 Eumelique
412 2435 523 2487 domum
534 2436 654 2504 lugentis
664 2439 694 2488 in
704 2440 768 2490 aere
779 2443 853 2490 nator

228 2503 362 2553 'Tandem
371 2505 490 2569 vipereis
501 2503 632 2572 Ephyren
642 2506 772 2558 Pirenida
782 2520 853 2572 penu

240 2573 369 2639 Contigit.
388 2573 442 2625 ilic
452 2587 521 2625 aevo
531 2579 640 2627 veteres
651 2575 780 2628 mortalia
790 2576 853 2644 prin
