1926 3016
160 141 215 197 are
342 138 373 193 r,
392 137 532 192 omnir
549 134 731 209 asserus
937 35 959 169 Ι

162 247 225 303 lloe
234 242 296 297 ruit
316 242 368 296 Ille
378 243 465 310 igitur
474 244 619 294 tentorum
628 242 732 306 vietor,
743 241 862 311 Achille,

161 316 291 369 vinceris
302 313 428 366 utimidu
439 312 541 365 Graiae
552 317 664 378 raptore
674 313 818 367 meritust·

102 390 153 442 ⁶10
163 386 200 441 st
207 386 232 436 οἱ
243 382 367 437 feminee
375 381 467 434 fueret
478 383 530 434 tibi
538 382 632 434 Marte
642 382 815 449 cudendum

164 453 419 507 Thermodontiaca
427 451 526 504 melles
537 451 667 504 cecidisse
676 452 802 518 bipenni.

163 524 223 575 lam
232 524 317 576 timor
326 523 377 575 ille
386 521 542 588 Phrygum,
552 521 637 572 decus
647 525 677 573 et
685 522 781 573 tutela
789 521 895 591 Pelasgi

164 592 304 655 Nominis,
313 590 462 653 Aeacides,
472 595 555 657 eaput
564 589 755 657 insuperabile
763 591 851 655 bello,
913 584 917 597 '
947 609 957 655 ¹:

164 662 292 725 Arserat3
305 665 428 712 armarat
438 661 515 719 Deus
526 659 613 723 idem,
621 660 753 728 idemque
764 665 906 713 mensuret,

105 728 225 782 0151am
236 731 305 782 einis
316 735 374 793 est;
389 735 418 781 et
428 730 463 781 de
474 735 532 781 tem
543 742 644 796 magno
654 733 744 781 restet
751 727 861 783 Achille
951 766 955 773 .

165 799 268 853 Neseie
281 800 362 866 quid,
377 808 491 866 perram
507 799 580 866 qued
596 813 651 850 neu
666 799 740 852 bene
753 799 893 867 tempiset

580 883 688 920 urnam.

165 939 201 995 At
211 938 291 999 tivit,
302 941 393 988 totum
403 937 578 1005 queegloria
588 936 728 1003 compleat
737 936 844 989 orbem.
956 990 960 1003 ι

167 1007 245 1058 llaec
255 1006 297 1056 illi
307 1006 683 1071 mensuravimrespondet:
699 1011 729 1057 et
739 1005 794 1059 hee
804 1012 849 1059 est

167 1075 222 1126 Par
232 1075 285 1127 sibi
295 1074 421 1138 Pelides;
436 1076 591 1126 necinanie
601 1077 722 1127 Tartaru
731 1075 828 1128 sentit.

107 1147 157 1197 620
166 1144 228 1211 lpse
239 1146 337 1208 etiam,
347 1148 392 1207 ut,
403 1145 482 1195 euius
492 1143 591 1208 riserit,
601 1159 774 1212 cognoscere
782 1146 881 1212 pessis,

167 1213 250 1266 Bella
259 1220 352 1266 meret
362 1215 491 1281 clypeus,
501 1214 591 1282 deque
600 1215 688 1266 armis
696 1212 916 1267 ermeferuutur.

169 1283 231 1334 Non
242 1299 276 1336 es
286 1283 424 1352 Tydides,
434 1293 489 1336 neu
500 1285 587 1337 audet
596 1285 693 1337 Oileus
703 1285 784 1347 max,

170 1353 234 1405 Non
244 1355 336 1405 minor
344 1353 469 1418 Atrides,
479 1368 535 1405 non
546 1354 621 1406 bello
631 1355 721 1405 maior
733 1357 763 1406 et
771 1368 843 1407 aero

170 1422 301 1485 Poscere,
312 1438 368 1475 non
380 1424 441 1474 alii:
458 1423 512 1475 seli
523 1423 677 1476 Telamone
687 1427 783 1476 creato

110 1491 159 1546 625
170 1490 328 1558 Laertaque
345 1491 399 1542 fuit
409 1497 503 1544 tantae
514 1493 617 1544 fiducia
626 1492 727 1544 laudis.

169 1561 193 1610 A
203 1575 233 1612 se
244 1561 406 1612 Tantalides
418 1575 488 1612 onus
498 1563 687 1630 invidiamque
696 1562 831 1614 renem:

172 1630 370 1697 Argolicosque
382 1631 466 1682 duces
476 1632 575 1683 mediis
585 1631 730 1684 considere
740 1631 842 1683 cestris

173 1699 270 1750 lussitt
286 1704 314 1751 et
324 1701 469 1752 arbitrium
480 1701 538 1752 litis
548 1703 659 1755 traiecit
667 1703 698 1752 in
708 1716 817 1753 omues.

172 1840 927 1882 xmmmwweeeeooeooeooooosomooot

315 1959 349 2022 P.
378 1958 550 2023 OVIDII
576 1954 800 2024 NASONIS

172 2062 929 2181 murimonrflosuor

269 2259 401 2311 LIBER
423 2255 612 2312 TERTIVS
635 2255 842 2309 Declmvs

174 2429 347 2516 Consedere
358 2462 456 2526 duces,
468 2467 508 2525 et,
519 2463 594 2530 vulgi
605 2466 698 2514 stante
708 2474 824 2524 corone,

173 2531 270 2599 Surgit
280 2532 316 2583 ud
327 2532 378 2584 hos
389 2533 481 2601 clypei
492 2532 619 2584 dominus
629 2530 821 2598 septempsseis
830 2530 895 2582 Aius

172 2601 263 2669 thue
275 2608 337 2654 erat
345 2606 492 2669 impatiens
502 2603 575 2665 irae,
588 2602 680 2669 Sigeia
689 2607 772 2652 tortu

172 2671 284 2725 Littera
293 2675 430 2739 respexit,
441 2672 612 2740 classemque
621 2673 651 2723 in
661 2671 773 2734 littore,
783 2669 878 2732 vultum
