1926 3016
146 165 164 217 6
333 159 363 214 Ρ.
383 156 525 215 0VlDll
542 157 723 213 NASONIS

145 263 219 318 Nam
230 262 308 316 coelo
317 267 421 327 terras,
432 268 462 316 et
471 264 555 315 terris
564 263 682 315 abscidit
691 263 792 315 undasr

147 337 185 388 Et
194 334 330 402 liquidum
340 335 429 400 spisso
440 336 559 385 secrevit
569 334 603 384 ab
613 337 677 384 ae're
688 334 805 385 coelum.

148 405 227 468 Quae
237 409 384 472 postquam
395 402 510 464 evolvit,
521 418 660 470 caecoque
671 405 775 455 exemit
784 415 895 467 acervo,

107 483 139 533 25
149 475 308 525 Dissociata
318 473 387 523 locis
399 472 530 524 concordi
541 487 609 538 pace
621 472 726 539 ligavit.

149 545 234 610 lgnea
245 544 360 593 convexi
369 543 410 592 ris
421 547 450 592 et
459 545 518 593 sine
529 541 653 607 pondere
664 542 736 593 coeli

148 612 284 673 Emicuit,
295 626 457 678 summaque
470 611 562 661 locum
574 611 625 679 sibi
638 610 706 677 legit
716 612 745 661 in
754 625 827 663 arce.

149 680 296 732 Proximus
308 685 351 731 cst
360 684 408 731 aer
418 680 460 730 illi
471 680 598 742 levitate,
609 679 741 747 locoque:

149 750 272 802 Densior
282 748 324 799 bis
337 749 432 812 tellus,
444 749 637 815 elementaque
648 749 766 816 grandia
776 751 878 812 traxit;

107 831 140 879 50
148 821 186 873 Et
196 833 291 884 pressa
302 823 344 870 est
354 822 492 886 gravitate
502 820 553 869 sui.
575 818 760 870 Circumlluus
770 819 872 871 humor

152 887 256 941 Vltima
265 889 401 954 possedit,
412 888 589 955 solidumque
600 890 724 939 coti-cuit
734 890 839 941 orbem.

187 957 289 1008 Sicubi
301 957 477 1023 dispositam,
488 959 612 1026 quisquis
624 957 678 1008 fuit
688 958 736 1010 ille
747 960 882 1019 Deorum,

152 1027 315 1093 Congcriem
328 1027 430 1089 secuit,
445 1035 605 1094 sectamque
616 1028 645 1077 in
657 1029 781 1079 membra
791 1028 915 1095 redegit3

152 1096 292 1162 Principio
302 1100 421 1160 terrain,
432 1111 466 1147 nc
477 1111 532 1147 non
543 1096 668 1165 aequalis
679 1098 713 1148 ab
725 1099 800 1147 omni

109 1174 142 1226 55
152 1165 236 1216 Parte
247 1165 333 1229 foret,
345 1166 439 1233 magni
448 1166 569 1232 speciem
580 1167 748 1234 glomeravit
758 1168 786 1216 in
796 1166 879 1217 orbis.

152 1237 225 1286 Tum
237 1234 311 1286 freta
322 1234 453 1298 diffundi,
464 1236 621 1303 rabidisque
632 1241 788 1288 tumescere
799 1236 889 1287 ventis

151 1307 248 1366 lussit,
258 1309 287 1356 et
297 1306 417 1355 ambitae
429 1305 603 1355 circumdare
614 1305 712 1356 littora
722 1311 822 1357 terrac.

151 1373 265 1424 Addidit
275 1378 304 1423 et
314 1373 419 1433 fontes,
430 1374 619 1438 immensaque
630 1379 744 1439 stagna,
754 1374 903 1442 lacusque3

150 1442 335 1508 Fluminaque
347 1440 467 1507 obliquis
479 1441 566 1491 cinxit
577 1440 693 1491 declivia
704 1443 783 1507 ripis:

109 1516 143 1565 io
152 1513 244 1574 Quae,
254 1510 363 1561 diversa
373 1510 455 1572 locis,
465 1511 568 1576 partim
578 1510 728 1560 sorbentur
738 1511 772 1562 ab
783 1512 860 1578 ipsa3

151 1583 183 1632 ln
194 1596 271 1631 maro
283 1580 449 1646 perveniunt
458 1580 574 1646 partim,
585 1594 737 1647 campoque
749 1586 864 1650 recepta

152 1650 307 1702 Liberioris
319 1664 419 1717 aquae,
430 1663 480 1715 pro
491 1649 559 1715 ripis
571 1648 669 1699 littora
679 1649 801 1715 pulsant.

151 1719 236 1773 lussit
246 1723 275 1770 et
286 1719 398 1770 extendi
410 1732 534 1784 campos,
545 1719 690 1770 subsidere
700 1719 800 1783 valles,

153 1788 266 1841 Fronde
276 1789 333 1855 tegi
344 1787 439 1850 silvas,
450 1787 590 1854 lapidosos
601 1803 716 1854 surgere
727 1793 846 1840 montes.

111 1862 144 1916 45
153 1859 247 1925 thue
259 1858 330 1909 duae
341 1857 440 1908 dextra
451 1856 573 1919 coelum,
585 1857 758 1926 totidemque
769 1860 883 1910 sinistra

153 1926 238 1980 Parte
249 1931 345 1978 secant
355 1927 461 1989 Zonae,
473 1928 569 1994 quinta
580 1933 623 1977 est
633 1927 775 1978 ardentior
785 1927 855 1991 illis;

155 1997 201 2050 Sic
212 2012 282 2048 onus
292 1996 430 2048 inclusum
441 2011 558 2047 numero
573 1997 700 2047 distinxit
710 1997 809 2049 codem

155 2069 230 2119 Cura
239 2067 306 2120 Dei:
320 2066 493 2134 totidemque
504 2066 605 2133 plagae
616 2066 717 2116 tellure
727 2070 901 2132 promuntur.

155 2137 280 2199 Quarum
292 2153 363 2207 quae
374 2136 529 2198 mediaest,
540 2151 595 2186 non
607 2141 649 2187 est
658 2134 817 2186 habitabilis
827 2141 908 2187 aestu

113 2208 146 2260 50
154 2207 209 2258 Nix
219 2208 353 2275 tegitalta
358 2206 439 2257 duas:
449 2205 921 2272 totideminterutramquelocavit3

155 2279 386 2344 Temperiemquc
397 2276 487 2340 dedit,
498 2277 580 2328 mista
591 2292 654 2327 cum
666 2276 770 2343 frigore
781 2273 902 2326 damma.

156 2347 285 2408 Imminet
294 2345 337 2396 bis
347 2348 407 2408 adr,
420 2345 479 2412 qui,
491 2350 595 2413 quanto
606 2350 650 2397 est
660 2345 784 2411 pondere
793 2351 888 2397 terrae

156 2414 295 2468 Pandusa
314 2429 367 2464 uae
379 2414 482 2477 levius,
492 2419 572 2465 tanto
583 2419 626 2467 est
636 2414 782 2465 onerosior
791 2413 856 2482 igni.

156 2484 217 2537 lllic
228 2491 257 2535 et
266 2431 395 2545 nelsulas,
405 2483 463 2533 illic
475 2485 627 2535 consistere
637 2483 725 2535 nubes

114 2558 148 2611 55
156 2553 252 2616 lussit,
262 2558 291 2605 et
300 2550 435 2603 humanas
446 2557 557 2603 motura
567 2554 693 2603 tonitrua
703 2554 820 2616 mentes,

157 2624 266 2676 Etcum
278 2621 440 2674 fulminibus
450 2620 585 2673 facientes
598 2620 704 2687 frigora
713 2625 821 2671 ventos.

158 2686 920 2765 Hisquoquenonpassimmundiiabricatorhabendum
