1926 3016
147 154 568 216 unrnuouruosnou
586 148 665 217 niu.
683 165 771 217 xus.
789 165 841 218 27⁷

81 263 286 332 intendensque
295 278 406 326 manus,
416 264 541 331 Agimus,
552 281 603 332 pro
613 266 731 332 Iupiter,
741 269 840 338 lnquit,
852 268 866 319 5

80 338 149 388 Ante
160 338 237 385 rates
247 347 386 395 caussam3
401 337 430 384 et
439 349 547 387 mecum
558 335 702 387 confertur
711 336 822 390 Vlixe-st

79 407 114 457 At
123 419 181 457 nou
190 404 340 454 Hectoreis
351 403 489 454 dubitarit
498 404 597 456 cedere
608 405 734 467 ilammis,
796 466 800 473 ,

82 475 157 536 Quas
168 486 221 541 ego
231 474 364 535 sustinui3
379 488 446 540 quas
456 471 508 524 hae
519 489 536 524 a
546 474 635 526 classe
647 473 751 542 fugavi.

79 545 183 596 Tutius
193 547 237 594 est
246 542 333 609 igitur
343 544 414 593 lictis
425 543 592 595 contendere
602 544 702 606 verbis,

81 614 171 677 Quam
177 626 302 680 pugnare
308 610 588 664 manu.Sednecmihi
596 613 688 664 dicere
695 618 842 679 promtum,
855 631 886 663 ιο

78 682 137 735 Neo
147 680 244 733 iacere
254 685 297 732 ast
305 682 365 731 isti:
382 687 570 750 quantumque
580 697 632 750 ego
643 683 735 733 Marte
746 681 842 747 feroci,

79 753 224 814 Quantum
233 751 293 802 acie
303 749 396 813 valeo,
406 756 515 802 tantum
525 752 601 805 valet
610 755 663 803 iste
674 751 822 819 loquendo.

80 821 138 874 Neo
148 820 331 871 memoranda
337 825 431 872 tamen
442 822 520 873 vobis
531 837 594 872 mea
604 821 691 884 iacta,
700 821 819 890 Pelasgi,

79 891 148 943 Esse
159 903 241 950 reor,
249 889 357 940 vidistis
367 891 453 941 enim:
469 905 520 941 sua
530 895 627 944 narret
635 891 741 952 Vlixes,

79 961 161 1023 Quae
171 959 231 1009 siue
240 963 313 1010 teste
322 960 402 1027 gerit,
413 975 530 1027 quorum
541 975 597 1011 nox
607 964 717 1013 conscia
725 960 787 1011 sola
793 964 841 1012 est.
856 962 885 1010 15

81 1029 212 1082 Praemia
221 1042 323 1096 magna
332 1030 389 1095 peti
400 1029 502 1081 fateor:
517 1030 566 1082 sed
576 1030 663 1081 demit
672 1029 807 1095 honorem

79 1097 221 1151 Aemulus.
238 1098 315 1149 Aiaci
325 1112 381 1149 non
393 1104 435 1149 est
445 1101 567 1150 tenuisse
579 1100 766 1168 superbum,

80 1167 125 1220 Sit
133 1167 203 1218 lieet
212 1165 382 1234 lnocingens,
394 1167 527 1235 quidquid
536 1170 661 1237 speravit¹
668 1167 772 1219 Vlixes.

79 1239 137 1290 Iste
147 1236 215 1287 tulit
225 1238 343 1306 pretium
355 1238 409 1287 iam
420 1253 493 1288 nune
503 1238 662 1288 certaminis
673 1236 769 1299 huius3

81 1309 143 1371 Quo
155 1321 217 1357 eum
228 1302 317 1357 vietus
328 1308 395 1368 erit,
406 1322 514 1357 naccum
525 1312 648 1358 certasse
658 1305 773 1375 leretur.
856 1324 887 1356 20

81 1378 171 1442 Atque
183 1389 247 1442 ego,
256 1377 281 1426 si
290 1377 380 1425 uirtus
390 1377 419 1424 in
430 1378 475 1426 me
486 1376 646 1426 dubitabilis
658 1380 740 1438 esset,

80 1445 236 1498 Nobilitate
244 1449 344 1511 potens
355 1460 458 1509 essem,
469 1445 623 1497 Telamone
634 1448 755 1507 creatus,
795 1454 799 1461 ’

80 1515 199 1566 Moenia
208 1515 255 1582 qui
266 1514 332 1566 lorti
342 1517 466 1566 Troiana
476 1517 527 1565 sub
538 1511 662 1566 Hercule
673 1515 757 1580 oepitr

80 1584 176 1635 ldttor
213 1599 249 1635 ue
258 1585 373 1635 intrarit
382 1584 526 1652 Pagasaea
537 1583 641 1636 Colcha
651 1585 755 1635 carina.

78 1657 189 1707 Aeacus
219 1654 265 1704 uio
275 1659 356 1719 pater
367 1661 422 1717 est,
433 1655 478 1721 qui
489 1656 550 1707 iura
560 1654 705 1705 silentibus
716 1653 775 1704 illie
856 1651 887 1703 25

80 1723 194 1784 Reddit,
204 1723 252 1774 ubi
262 1722 396 1775 Aeoliden
408 1738 504 1774 saxum
516 1738 599 1791 grave
606 1722 648 1774 Sis
708 1727 844 1791 onurget.

79 1794 193 1844 Aeacon
202 1793 330 1858 agnoseit
339 1794 649 1861 sunrmus‚prolemque
663 1797 772 1859 ¹utetur
789 1851 792 1857 ¹

79 1861 189 1927 iupiter
198 1875 261 1912 esse
270 1874 358 1912 suam.
379 1861 426 1913 Sic
436 1864 470 1913 ab
481 1863 546 1913 love
556 1865 657 1912 tentius
666 1864 743 1913 Aiax.

80 1930 138 1982 Nee
148 1934 244 1981 tamen
255 1926 324 1979 haec
334 1928 422 1979 series
431 1929 460 1978 in
471 1943 570 1979 caussa
579 1931 680 1995 prosit,
691 1929 785 1979 Aelivi
793 1946 810 1992 3·

81 1997 111 2051 Si
119 1997 191 2051 mihi
201 2011 264 2050 eum
274 2011 375 2065 magno
386 2002 496 2048 nonest
507 1999 659 2051 communis
669 1996 791 2067 Achille..
855 2000 887 2048 50

80 2068 184 2121 Frater
194 2071 268 2118 erat:
284 2065 410 2121 fraterne
420 2072 492 2133 peto.
513 2065 835 2134 Quidsanguineenstus

81 2135 229 2205 Sisyphio,
240 2135 390 2204 furtisque,
402 2142 430 2188 ot
440 2136 539 2188 fraude
552 2136 708 2186 simillimus
717 2137 769 2199 illi,

81 2207 184 2259 lnserit
193 2205 321 2264 Aeneidis
332 2206 440 2257 alienae
451 2208 563 2257 nomina
573 2204 681 2275 gentist

80 2278 123 2328 Au
134 2275 211 2344 quod
221 2276 250 2326 in
260 2289 339 2327 arma
346 2277 436 2342 prior,
446 2275 642 2344 nulloque'sub
652 2275 742 2327 indice
751 2275 822 2336 veni,

81 2347 168 2398 Arma
179 2344 306 2411 neganda
317 2342 402 2396 millii
416 2347 564 2414 potiorque
574 2345 715 2397 videbitur
724 2342 782 2406 ille,
856 2344 888 2396 35

82 2412 189 2466 Vltima
200 2415 247 2481 qui
258 2415 344 2480 cepit,
356 2415 575 2482 detrectavitque
585 2413 681 2466 furore

80 2484 216 2543 Militiam
226 2484 306 2534 licto:
323 2484 411 2536 donec
420 2484 563 2536 sollertior
572 2485 637 2547 isto,

81 2553 138 2606 Sed
148 2553 203 2604 emi
214 2553 354 2616 inutilior,
364 2554 455 2604 timidi
466 2558 623 2606 commenta
632 2553 736 2605 retexit

79 2620 254 2690 Naupliades
265 2625 349 2673 animi
356 2653 366 2686 ,
373 2625 514 2691 vitataque
524 2624 611 2673 traxit
619 2624 647 2672 in
659 2620 757 2672 armai

80 2693 197 2762 Optima
206 2706 280 2744 nuno
289 2697 392 2756 sumat,
404 2695 450 2761 qui
461 2706 570 2747 sumere
579 2691 670 2743 noluit
679 2691 752 2755 ulla3
855 2694 888 2736 ⁴0
