1926 3016
133 127 186 185 ³12
316 123 347 177 P.
367 120 509 178 uvion
525 118 717 176 ursonis

132 233 275 287 Venimus.
295 224 460 294 Antiphates
470 230 547 279 terrs
555 225 803 295 repnehntinills.

71 305 121 358 235
132 303 236 356 Missus
250 298 287 350 ad
301 296 376 350 huno
389 310 443 365 ego
458 311 534 360 sum,
549 309 666 418 guisern
683 299 837 351 comitante

569 379 683 419 uorumr

25 464 27 471 ·
130 441 242 508 luxque
253 437 320 506 fuga
330 437 456 505 quaesita
465 434 555 498 salus,
567 436 735 505 comitique,
745 434 840 506 mihiqr

51 518 61 540 “
131 512 248 563 Tertius
259 525 274 561 e
285 508 365 560 nobis
375 506 578 574 Laestrygonis
587 505 676 572 impia
686 507 773 559 tinxit

132 582 191 634 0ra
201 592 303 631 cruore
312 592 378 630 suo:
395 575 568 646 fugientibus
577 576 680 639 instet,
691 582 722 629 et
732 591 836 646 Quen

133 651 262 702 Concitet
271 646 444 714 Antiphates.
464 647 840 719 Coeunt‚ctssxstrabesqr

72 717 634 783 240Continuant,merguntqneriros,me
689 716 840 784 nequeunti

131 790 196 843 Vna
205 793 315 849 tamen,
326 799 398 854 quae
407 800 458 837 nos
468 787 616 854 ipsumque
625 798 658 837 re
679 785 748 839 ebat
757 786 840 842 vum

132 856 246 924 Effugit.
266 856 377 909 Amissa
386 856 528 907 sociorum
537 859 632 922 parte,
643 854 784 921 dolentes,

131 927 278 994 Multaque
290 926 437 993 conquesti
445 927 530 978 terris
540 924 691 977 nllabimur
701 925 770 989 illis,

132 998 208 1060 Quas
219 995 320 1064 procul
329 994 394 1048 hinc
404 996 505 1049 oerum.
525 994 629 1117 Progul
635 994 705 1117 grino
715 997 783 1061 tibi,
794 1010 840 1050 cer

552 1067 579 1118 vi
599 1081 634 1119 en
655 1071 728 1119 aest

72 1138 121 1191 245
131 1135 240 1198 Insula,
250 1135 309 1187 risa
319 1133 397 1187 mihi.
416 1136 531 1205 Tuque,
542 1150 559 1189 o
569 1136 725 1191 iustissimo
737 1138 840 1191 houm

131 1207 203 1260 Nato
214 1206 290 1270 Dea,
300 1221 391 1274 nequo
402 1206 476 1259 anim
486 1207 566 1258 linito
577 1206 671 1260 Marte
681 1207 826 1261 vocandus

132 1277 230 1330 Hostis
241 1290 284 1340 es,
295 1277 405 1339 Aenea,
415 1290 530 1341 moneo,
541 1275 607 1344 fuge
618 1276 719 1330 littors
729 1277 834 1331 circu·

130 1346 189 1400 Nos
199 1359 311 1415 quoque
322 1346 437 1399 Circaeo
448 1346 568 1415 religata
576 1349 606 1399 in
617 1346 716 1401 littore
726 1350 796 1416 pinu

131 1416 300 1482 Antiphatae
311 1429 464 1479 memores,
474 1418 709 1485 immansuetique
721 1417 840 1487 Cyclopil

73 1486 176 1539 2501re
187 1487 372 1552 negabamus,
389 1490 419 1537 et
428 1490 505 1538 tecta
515 1488 614 1555 ignota
623 1488 729 1541 subire.

132 1555 216 1608 Sorte
227 1568 323 1604 sumus
333 1553 413 1605 lecti:
428 1569 490 1606 sors
500 1571 559 1619 me,
569 1555 712 1624 fidumque
723 1557 840 1622 Politen

132 1621 382 1690 Eurylochumque
393 1624 491 1687 simul,
506 1626 640 1694 nimiique
650 1626 796 1694 Elpenora
805 1628 840 1678 vir

133 1696 237 1761 Bisque
247 1708 346 1744 novem
358 1695 447 1745 socios
460 1695 575 1749 Circaea
585 1698 620 1748 sd
631 1700 746 1750 moenia
754 1699 839 1750 misit.

134 1766 211 1827 Quae
223 1763 306 1813 simul
317 1765 468 1830 attigimus,
480 1767 663 1835 stetimusque
674 1769 704 1819 in
715 1768 814 1820 limine
824 1775 840 1819 t«

74 1831 122 1883 255
134 1832 215 1886 Mille
226 1833 300 1899 lupi,
312 1834 467 1902 mistaeque
477 1834 551 1901 lupis
560 1851 699 1904 ursaeque
724 1838 840 1907 leaeque

135 1905 260 1957 Occursu
271 1902 366 1956 fecere
377 1912 497 1956 metum:
515 1906 565 1958 sed
576 1906 654 1957 nulla
665 1908 801 1970 timendo,

134 1974 274 2042 Nullaque
285 1978 347 2026 eret
359 1979 455 2026 nostro
467 1974 577 2027 factura
587 1977 615 2026 in
627 1990 746 2044 corpore
756 1978 840 2029 vulno

135 2045 210 2105 Quin
221 2045 306 2095 etiam
317 2044 434 2096 blandas
445 2059 557 2097 morere
568 2060 618 2112 per
629 2050 697 2096 sera
707 2048 823 2111 caudas,

134 2115 292 2181 Nostraque
304 2114 450 2166 adulantes
462 2115 597 2167 comitant
608 2116 739 2182 vestigia3
754 2117 840 2170 done<

74 2180 125 2233 260
136 2185 287 2250 Excipiunt
297 2183 433 2247 famulae,
445 2200 547 2252 perque
559 2186 632 2236 atria
643 2200 785 2239 marmore
795 2193 840 2240 tec

134 2253 328 2305 ild-dominam
340 2256 452 2313 ducunt
472 2253 592 2306 Pulchro
604 2256 685 2307 sedet
694 2255 748 2307 illa
757 2272 840 2310 reces

136 2322 270 2375 Sublimis
279 2323 365 2388 solio,
375 2325 535 2393 pallamque
546 2326 645 2376 induta
656 2326 805 2393 nitentem,

134 2392 253 2458 Insuper
263 2402 363 2446 aurato
374 2395 589 2447 circumvelatur
600 2398 715 2449 amictu.

135 2461 271 2514 Nereides
282 2463 481 2533 Nymphaeque
491 2466 583 2528 simul,
595 2483 667 2535 quae
678 2467 789 2521 vellera
798 2483 840 2521 mc

76 2528 124 2584 265
135 2531 223 2584 Nulla
232 2531 350 2587 trahunt
359 2536 468 2603 digitis,
479 2552 530 2589 neo
541 2537 591 2589 fila
600 2540 748 2607 sequentia
757 2538 840 2593 duom

136 2601 271 2652 Gramina
282 2603 447 2672 disponunt}
458 2621 626 2676 sparsosque
637 2612 698 2660 sine
709 2608 840 2662 ordinell

136 2670 293 2725 decernunt
303 2675 436 2742 calathis,
447 2680 594 2747 curiasque
605 2679 748 2733 coloribus
759 2679 840 2735 herbe
