1926 3016
155 135 205 192 100
336 131 366 185 Ρ.
385 130 526 187 ovibu
544 127 726 185 NASONIS

153 236 406 294 Thermodontiaco
417 233 541 287 caelatus
549 231 677 286 baltheus
687 247 767 298 auro,

95 327 143 380 rqo
154 310 294 376 Pomaque
304 305 338 357 ab
348 303 466 356 insomni
476 302 548 355 male
559 302 698 355 custodita
708 303 851 357 macone!

152 378 211 432 Nec
220 375 288 428 mihi
300 375 430 427 centauri
441 377 556 441 potuere
566 373 710 435 resistere,
721 387 773 424 nec
783 375 824 424 ml

152 446 288 502 moadiae
296 450 422 496 vastator
432 440 515 510 apert
529 456 581 494 nec
590 441 697 508 profuit
706 441 825 509 Hydrae

153 509 910 581 Crescereperdamnum,geminasqueresumererirssi

155 583 245 650 Quidl
260 598 322 636 oum
332 580 456 634 Thracas
471 593 570 649 equos,
585 579 705 633 humano
718 581 856 651 sangnine

525 665 553 700 m
573 665 630 713 ues,
822 657 826 666 ’

97 723 143 794 195
153 722 294 790 Plenaque
305 720 466 787 corporibus
476 664 575 770 lagerigs
586 719 731 785 praesepia
739 719 806 782 vidi,

154 793 277 858 Visaque
286 788 386 852 deieci,
397 788 607 855 dominumque,
617 789 748 855 ipsosque
758 786 880 855 peremi!

153 861 205 910 His
216 860 284 910 elisa
292 859 366 910 iacet
376 857 463 909 moles
472 857 611 909 Nemeaea
620 855 750 908 lacertisi

154 930 215 980 Hae
226 927 334 979 coelum
344 928 450 978 cervice
460 925 529 976 tulit
544 925 653 978 defessa
662 924 785 976 iubendo
796 930 841 978 est

156 996 244 1049 Saeva
254 997 326 1048 loris
337 996 449 1046 coniux:
465 1010 517 1064 ego
528 1010 588 1046 sum
599 993 755 1046 indefessus
765 994 879 1078 agendo.

96 1082 144 1117 aco
154 1065 210 1118 Sed
219 1078 290 1116 nora
299 1066 385 1131 pestis
395 1064 488 1116 adest:
503 1065 548 1117 cui
558 1079 611 1117 nec
620 1064 723 1115 virtute
733 1063 839 1128 resisti,

98 1132 100 1136 ’
155 1135 213 1188 Nec
223 1134 288 1187 telis
297 1135 415 1187 armisve
425 1139 526 1207 potest.
546 1132 727 1186 Pulmonibus
739 1136 819 1186 errat

155 1205 230 1272 lgnis
241 1204 312 1256 edax
321 1205 396 1264 imis,
405 1216 510 1270 perque
521 1215 615 1253 omnes
625 1202 751 1269 pascitur
759 1207 846 1254 artus.

155 1275 190 1324 ht
199 1273 275 1326 valet
283 1269 469 1338 Eurystheus:
484 1275 513 1324 et
522 1276 598 1334 sunt,
609 1273 657 1339 qui
666 1270 907 1338 crederepossint¹

154 1344 224 1394 Esse
235 1341 328 1394 Deosl
343 1341 425 1392 dixits
439 1355 544 1409 perque
554 1339 642 1391 altum
652 1340 764 1393 saucius
773 1340 863 1393 Oeten

96 1407 146 1478 30⁵
157 1411 241 1461 Haud
251 1411 334 1462 aliter
343 1409 484 1478 graditur,
497 1425 578 1478 quam
588 1410 612 1461 si
621 1408 760 1462 venabula
768 1409 851 1479 tigris
952 1450 954 1461 .

157 1477 344 1544 Corporalium
354 1483 447 1546 gerat,
462 1478 583 1547 factique
593 1474 731 1548 refugerit
740 1484 846 1530 auctor.

156 1545 244 1612 Saepe
254 1544 333 1597 illum
343 1549 463 1614 gemitus
474 1547 616 1612 edentem,
625 1561 708 1614 saepe
718 1545 892 1609 frementem,

157 1614 244 1682 Saepe
255 1620 439 1667 retentantem
449 1622 524 1668 totas
534 1617 690 1685 refringere
698 1621 798 1680 vestes,

156 1682 387 1753 sternentemque
397 1686 505 1750 trabes,
515 1688 737 1754 irascentemque
746 1684 858 1738 videres
938 1732 941 1739 .

95 1767 147 1805 aro
156 1752 312 1816 Montibus,
323 1759 373 1805 aut
382 1757 473 1820 patrio
484 1757 644 1808 tendentem
654 1754 770 1807 brachia
780 1753 867 1808 coelo.

155 1820 239 1873 Ecce!
255 1820 361 1874 Lichan
370 1825 521 1890 trepidum,
537 1831 565 1877 at
573 1813 731 1876 latitantem
741 1838 811 1891 rupe
823 1826 911 1877 cavata

155 1890 291 1957 Adspicit:
306 1896 391 1960 utque
401 1893 482 1945 dolor
491 1895 598 1946 rabiem
609 1892 680 1946 colle
703 1899 765 1944 erat
775 1906 896 1953 omnem3

134 1979 140 1990 ’
155 1961 248 2024 Tune,
257 1959 356 2025 Licha,
366 1960 449 2026 dixit,
459 1962 559 2015 feralia
569 1964 642 2014 dona
651 1909 757 2013 tufistii

157 2031 236 2080 Tune
247 2044 325 2081 meae
335 2031 410 2080 necis
420 2037 518 2080 auctor
527 2031 601 2082 erist
611 2031 705 2082 tremit
713 2029 771 2093 ille,
782 2032 911 2096 pavetque

98 2102 146 2154 215
157 2097 294 2161 Pallidus3
310 2104 339 2150 et
348 2097 444 2149 timide
454 2098 538 2150 verba
548 2099 711 2152 excusantia
719 2096 795 2150 dicit

157 2167 316 2229 Dicentem,
326 2166 496 2235 genibusque
506 2183 603 2219 manus
613 2166 744 2220 adhibere
754 2171 905 2235 parantem,

158 2237 279 2302 Corripit
288 2232 411 2299 Alcides3
425 2242 455 2288 et
464 2242 563 2304 terque
573 2243 726 2306 quaterque
735 2240 863 2287 rotatum

157 2304 246 2356 Mittit
255 2306 283 2355 in
292 2304 444 2367 Euboicas,
454 2310 593 2357 tormento
604 2306 717 2366 fortius,
726 2304 826 2356 undas.

156 2373 207 2424 llle
218 2389 268 2440 per
278 2373 368 2424 adrias
379 2373 501 2439 pendens
510 2375 636 2425 induruit
646 2386 738 2425 auras.
952 2428 954 2435 ,

102 2456 147 2493 220
157 2441 250 2509 thue
261 2441 355 2493 ierunt
363 2442 465 2494 imbres
476 2442 575 2510 gelidis
585 2454 764 2494 concrescere
774 2442 877 2503 rentis3
952 2466 954 2481 ι

157 2509 224 2561 lnde
234 2511 312 2562 nives
320 2512 396 2575 fieri3
410 2511 517 2562 nivibus
528 2526 638 2581 quoquc
647 2509 733 2562 molle
742 2512 845 2564 rotatis

157 2579 310 2648 .ldstringi‚
322 2584 350 2631 et
359 2582 447 2646 spissa
457 2579 606 2647 glomerari
616 2580 752 2648 grandine
763 2593 877 2649 corpus;

159 2648 204 2700 Sic
214 2648 294 2700 illum
303 2648 401 2700 validis
412 2655 505 2700 actum
514 2664 566 2749 W
575 2651 657 2701 inane
669 2649 791 2714 lacertis,
