1926 3016
156 162 581 220 Mouemoapliosuoll
599 167 680 221 LIB.
699 121 744 221 ll.¹
796 171 831 223 39

61 270 217 322 Eridanum
228 267 371 335 implerat,
386 269 539 338 silvamque
549 272 693 324 sororibus
704 277 829 325 auctum:

60 341 130 390 Cum
140 353 197 390 vox
206 341 458 390 esttenuataviro:
475 355 617 409 canaeque
627 343 744 408 capillos

59 408 248 460 Dissimulant
257 408 379 475 plumae:
392 410 550 478 collumque
560 425 576 461 a
586 418 700 478 pectore
712 413 827 480 longum

57 478 229 546 Porrigitur,
239 478 398 547 digitosque
410 479 480 547 ligat
490 482 619 532 iunctura
629 482 771 534 rubentes:
837 487 887 553 375

57 548 154 600 Penna
165 548 239 599 latus
249 551 343 600 restit:
355 555 432 601 tenet
443 565 474 601 os
485 551 545 602 sine
556 553 824 604 acuminerostrum:

58 618 103 669 Fit
114 633 189 669 nova
199 618 309 685 cycnus
320 619 390 682 aris3
406 636 458 671 nec
469 635 499 672 sc
510 620 645 687 coeloque
656 622 768 690 levique

57 688 168 750 Credit,
180 693 212 740 ut
221 690 322 740 iniuste
334 690 410 739 missi
421 704 529 741 memor
539 691 609 756 ignis
620 691 655 741 ab
666 691 723 741 illo.

56 755 165 824 Stagna
174 759 254 824 petit,
264 757 430 825 patulosque
442 759 532 808 lacus:
543 760 691 827 ignemque
701 773 826 825 perosus,

57 828 137 889 Quae
147 824 235 890 colat,
247 828 331 894 clegit
340 829 481 879 contraria
493 826 606 879 ilumina
617 829 744 881 flammis.
835 832 887 885 580

90 895 244 963 Squalidus
253 898 363 948 interea
373 897 484 963 genitor
491 895 681 961 Phaethontis,
692 904 826 966 etexpera

56 964 120 1032 lpse
130 967 174 1016 sui
185 966 306 1027 decoris,
317 966 420 1033 qualis,
431 981 492 1017 cum
504 966 599 1018 delicit
609 969 714 1031 orbem,

56 1037 126 1087 Esse
135 1035 221 1089 solet:
237 1036 383 1102 lucemque
394 1037 466 1098 odit,
477 1051 562 1103 seque
573 1039 645 1103 ipse,
657 1038 799 1104 diemquer

57 1104 171 1173 Datque
181 1105 303 1156 animum
315 1105 342 1154 in
354 1104 459 1167 luctus3
469 1111 498 1157 et
508 1106 629 1157 luctibus
640 1107 825 1158 adiicitiram:

58 1174 247 1242 Officiumque
257 1179 342 1241 negat
353 1173 465 1224 mundo.
486 1173 575 1236 Satis,
585 1177 690 1241 inquit,
700 1177 734 1225 ab
745 1176 806 1225 aevi
837 1184 887 1235 385

57 1243 125 1296 Sors
135 1259 200 1296 mea
210 1245 354 1311 principiis
366 1243 420 1292 fuit
430 1243 595 1308 irrequietur
612 1245 743 1309 pigetque

57 1315 191 1366 Actorum
203 1315 264 1364 sine
274 1315 329 1364 line
339 1312 421 1373 mibi,
432 1312 492 1362 sino
504 1309 623 1374 honore,
634 1313 770 1364 laborum.

57 1383 182 1445 Quilibet
195 1382 269 1433 altor
280 1387 345 1449 agat
356 1386 500 1448 portantes
511 1381 618 1432 lumina
627 1396 734 1433 currus.

58 1451 86 1504 Si
96 1467 181 1504 nemo
194 1455 250 1513 est,
262 1466 413 1519 omnesque
424 1451 478 1502 Dei
491 1466 546 1502 non
558 1465 640 1517 posse
651 1450 791 1516 tutentur3

56 1521 118 1587 lpse
128 1527 208 1590 agat:
219 1521 369 1582 ut'saltenr,
380 1521 446 1570 dum
457 1525 566 1571 nostras
577 1520 808 1584 tentatlrabeuas,
836 1528 885 1597 590

58 1592 201 1644 orbatura
210 1595 304 1657 patres
315 1588 466 1656 aliquando
477 1588 597 1640 fulmina
607 1596 701 1657 ponat.

58 1661 130 1712 Tum
140 1661 223 1721 sciet,
233 1658 393 1728 ignipedum
404 1659 479 1710 vires
489 1667 621 1724 expertus
632 1674 776 1728 equorum,

58 1728 120 1782 Non
131 1731 268 1781 meruisse
278 1743 388 1790 necem,
400 1729 447 1796 qui
458 1743 514 1779 non
524 1728 597 1780 bene
607 1731 714 1781 rexerit
723 1730 797 1782 illos.

58 1800 139 1851 Talia
149 1799 288 1851 dicentem
300 1798 480 1850 circumstant
490 1800 584 1849 omnia
594 1797 687 1851 Solem

57 1867 190 1921 Numina:
205 1868 353 1923 nerevelit
362 1869 493 1920 tenebras
503 1868 635 1921 inducere
646 1869 738 1932 rebus,
834 1871 885 1938 595

58 1939 188 2005 Supplice
198 1952 266 1990 voce
276 1944 384 2006 rogant.
397 1938 499 1989 ldissos
510 1952 620 2006 quoquc
630 1938 738 2004 lupitcr
747 1938 826 2005 ignes

58 2006 193 2071 Excusat,
204 2009 387 2075 precibusque
395 2009 485 2059 minas
496 2008 632 2076 regaliter
641 2007 729 2058 addit.

58 2077 174 2143 colligit
183 2083 320 2141 amentes,
331 2081 361 2128 et
371 2076 462 2130 adbuc
471 2083 583 2130 terrore
592 2080 735 2143 paventes,

58 2145 186 2200 Phoebus
197 2161 297 2215 equost
311 2148 481 2217 stimuloque
488 2148 610 2199 domans
618 2149 648 2198 et
657 2145 777 2215 verbere

476 2217 578 2269 saevite

57 2285 153 2342 Saevit
162 2286 413 2356 enim,natumque
423 2287 555 2348 obiectet,
566 2289 596 2337 et
604 2284 724 2352 imputat
733 2283 798 2338 illis.
836 2290 886 2340 400

88 2358 127 2409 llt
136 2362 219 2423 pater
229 2356 404 2423 omnipotens
414 2357 541 2424 ingentia
551 2357 661 2407 moenia
671 2354 744 2407 coeli

58 2427 178 2479 Circultr
194 2430 282 2489 ct‚ue
292 2426 358 2494 quid
367 2425 535 2478 labefactum
547 2426 650 2477 viribus
660 2426 734 2493 ignis

58 2496 194 2559 corruat,
204 2495 343 2562 explorat.
363 2496 442 2558 Quae
451 2500 599 2563 postquam
610 2497 704 2557 lii-ma,
714 2492 813 2561 suique

58 2566 180 2619 Roboris
189 2581 252 2618 esse
262 2564 351 2616 videti
367 2571 470 2628 terras,
480 2563 681 2637 bominumque
688 2563 808 2618 labores

58 2635 199 2700 Perspicit.
215 2633 353 2686 Aradios
362 2638 457 2689 tamen
469 2642 515 2691 est
524 2638 687 2711 impensior
697 2637 746 2692 illi
861 2631 917 2686 bob

49 2703 118 2752 cm
125 2699 391 2772 sacerdotesque,
400 2711 432 2762 et
441 2710 579 2771 noudum
589 2713 745 2776 audentia
749 2704 822 2763 labi
