1926 3016
134 44 185 103 15²
319 43 351 99 P.
370 43 512 99 ovum
528 40 710 99 NASONIS

131 149 349 218 Muneribusque
359 146 436 201 Deos
446 147 558 217 implet:
573 146 736 217 feriuntque
745 161 804 203 sset

132 218 213 272 Colle
220 218 317 270 torosa
326 216 424 280 boum,
434 219 590 271 unctorum
601 231 707 269 cornua
716 217 804 271 vittis.

71 288 121 342 iio
130 287 232 342 Nullus
240 285 419 340 Erechthidis
429 286 520 340 fertur
530 286 697 339 celebratior
706 286 760 338 illo

129 359 259 413 illuxisse
269 357 338 409 dies.
359 357 473 424 Agitant
483 358 610 409 convivia
619 362 726 423 patres,

129 429 168 482 Et
177 427 298 479 medium
305 425 421 494 uulgus:
437 442 489 479 neo
498 442 554 479 uon
565 432 594 480 et
604 428 741 490 carmina,
750 426 804 479 vin<

130 498 276 565 Ingenium
285 495 540 560 iaciente,cnuunt.
561 499 616 559 Te,
627 495 804 550 maxime'l'h

132 569 236 620 Mirata
247 571 290 620 est
299 565 451 618 Marathon
462 567 572 619 Cretaei
581 567 717 634 sanguine
726 567 804 619 tauri

72 637 120 694 435
131 636 269 704 Quodque
278 636 336 688 suis
344 650 459 688 securus
469 641 532 689 aret
541 637 700 703 Cromyona
708 635 804 688 colom

133 708 236 759 Munus
246 720 370 773 opusque
379 710 460 757 tuurn
469 711 520 758 est
537 705 636 759 Tellus
645 704 802 771 Epidauria

133 775 307 842 Clavigeram
317 774 387 826 vidit
396 774 516 828 Vulcani
528 775 690 829 occumbere
700 774 804 841 prolerr

131 845 211 900 Vidit
220 849 249 897 et
258 845 394 908 immitem
405 842 555 911 Cephesias
566 860 617 897 ora
626 844 800 899 Procrusten

134 915 286 981 Cercyonis
296 913 385 965 letum
393 912 463 965 vidit
473 915 597 966 Cerealis
607 914 731 966 Eleusin.

73 985 124 1040 440
134 984 244 1037 Occidit
253 983 303 1035 ille
314 981 402 1047 Sinis,
412 985 520 1052 magnis
531 985 604 1037 male
613 984 718 1036 viribus
730 996 800 1039 usus

132 1055 187 1117 Qui
197 1058 310 1122 poterut
320 1068 435 1107 curvare
446 1055 554 1119 trabes;
569 1061 599 1108 et
607 1054 708 1122 agebat
718 1054 754 1106 ab
762 1053 804 1109 alt

132 1123 175 1177 Ad
185 1130 288 1175 terram
298 1123 356 1176 lete
365 1138 512 1191 sparsuras
522 1139 642 1192 corpora
650 1124 741 1191 pinus.

134 1195 226 1246 Tutus
236 1193 272 1245 ad
283 1193 449 1259 Alcathoen,
459 1194 591 1262 Lelegeia
600 1194 725 1257 moenia,
735 1193 804 1249 line

135 1265 297 1330 Composito
308 1261 436 1328 Scirone,
447 1269 536 1332 patet:
552 1265 696 1331 sparsique
707 1262 804 1315 latren

74 1336 123 1392 445
135 1334 225 1385 Terra
235 1338 319 1400 nogat
328 1332 437 1397 sedem,
447 1334 542 1386 sedern
553 1336 636 1402 negat
646 1331 755 1385 ossibus
764 1347 804 1387 un

133 1404 212 1466 Quae
221 1403 324 1453 iactata
334 1401 382 1453 diu
392 1401 484 1455 fertur
494 1404 610 1456 durasse
619 1406 745 1456 vetustas

132 1472 166 1523 ln
175 1470 318 1537 scopulos:
332 1471 455 1538 scopulis
465 1488 568 1527 nomen
579 1470 804 1532 Scironisinhser

134 1539 164 1591 Si
175 1540 288 1603 titulos,
297 1555 440 1610 annosque
449 1549 514 1595 tuos
524 1559 673 1596 numerare
682 1541 803 1595 velimus

132 1609 219 1661 Facta
228 1616 357 1677 prensant
366 1626 462 1665 ennos.
483 1613 536 1665 Pro
546 1619 589 1677 te,
600 1613 766 1676 fortissime,
775 1626 804 1664 rt

74 1678 123 1731 450
133 1678 248 1731 Publica
261 1681 440 1746 suscipimus:
455 1683 559 1734 Bacchi
568 1685 620 1735 tihi
630 1683 764 1735 sumimus
774 1679 804 1733 ht

134 1749 274 1800 Consonat
283 1763 399 1800 assensu
408 1752 517 1816 populi,
528 1755 711 1818 precibusque
720 1751 804 1802 faron

132 1819 232 1885 Regia:
248 1832 300 1870 nee
308 1821 370 1870 tots
379 1820 469 1870 tristis
480 1819 560 1871 loeus
569 1819 645 1871 ullus
654 1820 684 1871 in
695 1818 765 1872 urhe
776 1833 804 1872 es

166 1888 225 1940 Nee
235 1893 342 1952 tamen3
358 1888 528 1956 usqueadeo
538 1889 728 1941 nullisineers
738 1888 804 1940 volu

133 1954 308 2025 Sollicitique
318 1958 424 2027 aliquid
435 1958 518 2011 laetis
527 1960 691 2022 intervenit3
705 1959 804 2026 Aegeu

73 2024 122 2082 455
132 2027 242 2079 Gaudia
253 2029 392 2094 percepit,
401 2033 468 2080 nato
478 2044 578 2081 secura
588 2033 710 2095 recepto.

131 2097 213 2149 Bella
223 2102 306 2164 parat
315 2098 420 2150 Minos:
437 2099 485 2167 qui
495 2113 662 2168 quamquam
673 2096 777 2161 milite,
787 2111 804 2165 q

570 2183 635 2219 uam

134 2234 227 2286 Classe
238 2235 327 2301 valot3
342 2237 435 2304 patria
445 2241 538 2289 tamen
549 2183 592 2289 hist
601 2235 804 2288 firmissimusil

133 2303 328 2374 Androgeique
338 2321 434 2359 necem
445 2307 525 2358 iustis
536 2307 681 2358 ulciscitur
691 2306 788 2358 aruris.

133 2376 204 2425 Ante
215 2378 309 2427 temen
319 2375 395 2428 bello
405 2378 478 2428 vires
489 2377 609 2445 acquirit
619 2376 734 2428 arnicasr

73 2441 123 2493 ibo
134 2442 250 2512 Quaque
255 2450 354 2511 potens
360 2444 587 2509 habitus,volueri
593 2445 666 2498 irets
672 2444 804 2511 elassepe:

121 2513 201 2567 Hinc
208 2513 351 2585 Anaphen
361 2515 416 2570 sibi
426 2515 534 2584 iungit,
543 2522 574 2569 et
584 2514 744 2583 Astypaleia
750 2528 804 2578 req

109 2580 275 2642 Promissis
285 2585 450 2661 Anaphen,
457 2601 552 2657 regna
561 2579 804 2652 nete-palustrem
