1926 3016
133 129 164 181 18
314 126 344 180 P.
364 124 503 180 ovum
525 124 719 181 NASONIS-
758 148 761 153 ’

130 233 210 284 Hauc
220 229 297 282 Deus
307 228 477 292 arcitenens,
487 235 515 281 ct
525 246 665 298 nunquam
677 232 778 284 talibus
789 237 870 285 aruris

129 304 213 361 Ante,
224 300 276 350 nisi
286 301 316 350 in
326 299 413 349 damis
423 301 584 367 capreisque
595 300 751 368 fugacibus,
761 316 836 366 usus,

129 369 210 421 Mille
221 383 333 435 gravem
343 369 421 431 telis,
432 368 567 429 exhausta
577 385 667 436 paene
677 369 816 438 pharetra,

129 437 266 500 Perdidit,
282 437 370 489 effuso
382 452 432 504 per
442 438 558 490 vulnera
567 441 647 506 nigra
656 455 772 493 veneno.

70 517 120 573 445
129 507 205 561 Neve
216 508 307 573 operis
318 507 418 558 famam
430 509 519 573 possit
529 508 622 560 delere
632 515 765 574 vetustas,

128 577 253 628 Instituit
262 591 357 628 sacros
367 576 469 628 celebri
479 579 629 628 certamine
640 575 735 641 ludos,¹

128 643 243 712 Pythia,
254 647 288 698 de
300 647 422 699 domitae
433 648 570 712 serpentis
578 649 689 699 nominc
700 648 797 699 dictos.

129 716 181 767 His
189 717 320 766 iuvenum
330 717 486 784 quicunque
496 731 592 778 mann,
604 718 767 781 pedibusve,
778 723 873 768 rotat-1.

127 784 256 847 Vicerat3
272 785 418 836 aesculeae
429 784 557 850 capiebat
568 785 673 836 frondis
685 784 826 837 honorem.

70 859 121 912 450
128 853 259 904 Nondum
269 852 366 904 laurus
377 860 450 917 erat;
466 853 605 921 longoque
616 855 742 905 decentia
753 858 829 906 crine

130 925 268 988 Tempora
279 924 407 989 cingebat
416 923 450 974 de
460 924 585 990 qualibet
594 925 693 975 arbore
703 923 838 974 Phoebus.

166 991 275 1041 Primus
286 1006 365 1042 amor
376 990 480 1043 Phoebi
486 990 604 1057 Daphne
615 993 730 1056 Peneia3
742 1008 824 1060 quem
834 1008 858 1042 m
866 1010 888 1041 :n

130 1059 199 1110 Fors
208 1061 306 1127 ignara
318 1060 408 1122 dedit,
419 1059 468 1110 sed
479 1075 562 1111 saeva
573 1062 714 1128 Cupidinis
725 1063 775 1112 ira.

131 1129 229 1179 Delius
242 1128 314 1180 hunc
324 1145 425 1195 nuper,
435 1128 510 1180 victa
520 1138 649 1196 serpente
660 1132 803 1197 superbus,

72 1203 121 1266 455
131 1197 250 1250 Viderat
260 1198 380 1249 adducto
391 1197 551 1250 flectentem
563 1215 669 1250 cornua
678 1215 777 1250 nervo:

130 1266 258 1334 Quidque
269 1268 332 1330 tibi,
342 1268 442 1319 lascire
453 1282 534 1333 puer,
545 1284 607 1318 cum
617 1268 736 1319 sortibus
746 1266 846 1318 armisi

129 1335 260 1387 Dixerat:
276 1337 330 1386 ista
340 1337 439 1388 decent
449 1335 579 1388 humeros
590 1340 743 1404 gestamina
752 1341 860 1386 nostros

130 1405 184 1466 Qui
196 1404 263 1455 dare
275 1410 351 1465 certa
361 1405 446 1466 ferae,
458 1403 862 1469 darerulnerapossumushos
871 1423 886 1449 i*

130 1474 184 1536 Qui
195 1473 287 1533 modo,
298 1473 431 1538 pestifero
442 1478 486 1522 tot
495 1473 593 1537 iugera
601 1479 698 1522 ventre
710 1480 890 1538 prementem„

71 1545 120 1599 460
130 1541 282 1593 Strarirnus
291 1542 443 1592 innumeris
454 1541 590 1591 tumidum
601 1538 730 1606 Pythona
740 1543 858 1608 sagittis.

129 1613 174 1662 Tu
185 1608 246 1660 iace
256 1611 349 1661 nescio
361 1626 430 1676 quos
442 1614 502 1661 esto
514 1615 662 1669 contentus
672 1624 782 1661 amores

30 1725 32 1728 .
128 1680 245 1731 lrritarc
254 1684 316 1728 tua:
333 1695 384 1730 nec
395 1679 493 1730 laudes
503 1693 596 1730 assere
606 1685 725 1729 nostras.

128 1748 217 1800 Filius
228 1745 293 1799 huic
302 1746 430 1799 Veneris:
446 1748 528 1814 Figat
537 1753 602 1798 tuus
613 1750 718 1802 omnia.
727 1745 855 1810 Phoebe3

129 1819 171 1868 Te
181 1831 260 1868 meus
272 1831 365 1879 arcus,
377 1819 428 1869 ait:
443 1822 603 1884 quantoque
614 1818 746 1868 animalia
756 1816 857 1866 cedunt

71 1885 121 1938 465
131 1886 310 1948 cunctatim,
320 1890 399 1938 tanto
411 1888 502 1937 minor
512 1892 554 1938 est
565 1893 615 1938 tua
625 1886 716 1953 gloria
725 1890 829 1936 nostra.

48 2010 56 2025 Ι
115 1993 119 2001 ·
129 1956 224 2008 Dixit:
243 1960 272 2004 et
282 1955 350 2007 eliso
361 1957 500 2021 percussis
511 1958 575 2004 se're
585 1958 684 2021 pennis
770 1952 772 1958 '

129 2025 251 2092 impiger
261 2025 393 2077 umbrosa
403 2025 518 2076 Parnasi
530 2026 657 2075 constitit
667 2039 744 2076 arce:

130 2095 209 2162 Eque
219 2093 377 2161 sagittifera
387 2095 503 2160 promsit
513 2094 568 2143 duo
580 2094 638 2145 tela
650 2092 781 2160 pharetra

131 2164 446 2230 Diversorumoperum:
459 2161 891 2230 fugathoc,facitilludamorem.

74 2238 124 2305 470
132 2233 213 2295 Quod
225 2232 305 2296 iacit,
316 2239 446 2284 auratum
456 2238 511 2296 est,
522 2237 551 2284 et
561 2233 674 2299 cuspide
685 2231 774 2298 fulget
784 2233 878 2279 acuta:

133 2302 215 2366 Quod
226 2302 317 2370 fugat,
328 2303 458 2355 obtusum
469 2309 512 2354 est
516 2339 524 2365 ‚
536 2308 565 2353 et
576 2301 660 2354 habet
670 2303 720 2352 sub
732 2297 866 2351 arundine

42 2414 46 2419 .
296 2417 298 2423 ,
548 2372 701 2436 plumbum.

135 2439 322 2491 HocDeusin
332 2438 463 2506 Nympha
473 2439 680 2502 Peneide-lirim
695 2444 724 2490 at
734 2437 784 2488 illo

135 2509 231 2562 Laesit
240 2509 400 2575 Apollineas
412 2511 531 2560 traiecta
540 2525 590 2574 per
601 2524 664 2559 ossa
673 2506 820 2559 medullas.

135 2576 266 2630 Protinus
277 2577 350 2630 alter
359 2584 455 2642 amat3.
465 2577 538 2644 fugit
547 2578 637 2629 altera
647 2591 747 2628 nomen
758 2573 886 2633 amantia,

79 2645 781 2716 475Silvarumlatebris,captivarumqueierarum
