<?xml version="1.0" encoding="UTF-8"?>
<!DOCTYPE html PUBLIC "-//W3C//DTD XHTML 1.0 Transitional//EN"
    "http://www.w3.org/TR/xhtml1/DTD/xhtml1-transitional.dtd">
<html xmlns="http://www.w3.org/1999/xhtml" xml:lang="en" lang="en">
 <head>
  <title>
</title>
<meta http-equiv="Content-Type" content="text/html;charset=utf-8" />
  <meta name='ocr-system' content='tesseract 3.04.00' />
  <meta name='ocr-capabilities' content='ocr_page ocr_carea ocr_par ocr_line ocrx_word'/>
</head>
<body>
  <div class='ocr_page' id='page_1' title='image "./povidiinasonisq01ovidgoog_0213.png"; bbox 0 0 1926 3016; ppageno 0'>
   <div class='ocr_carea' id='block_1_1' title="bbox 116 106 771 201">
    <p class='ocr_par' dir='ltr' id='par_1_1' title="bbox 116 106 771 201">
     <span class='ocr_line' id='line_1_1' title="bbox 116 106 771 201; baseline -0.011 -1"><span class='ocrx_word' id='word_1_1' title='bbox 116 144 170 201; x_wconf 77' lang='lat'><strong>214</strong></span> <span class='ocrx_word' id='word_1_2' title='bbox 300 141 331 195; x_wconf 87' lang='lat' dir='ltr'><strong>r.</strong></span> <span class='ocrx_word' id='word_1_3' title='bbox 349 106 489 196; x_wconf 83' lang='lat' dir='ltr'><strong>ovrou</strong></span> <span class='ocrx_word' id='word_1_4' title='bbox 510 137 694 195; x_wconf 81' lang='lat' dir='ltr'><strong>ussours</strong></span> <span class='ocrx_word' id='word_1_5' title='bbox 766 147 771 161; x_wconf 57' lang='lat'><em>¹</em></span> 
     </span>
    </p>
   </div>
   <div class='ocr_carea' id='block_1_2' title="bbox 52 244 843 2033">
    <p class='ocr_par' dir='ltr' id='par_1_2' title="bbox 111 244 843 518">
     <span class='ocr_line' id='line_1_2' title="bbox 113 244 843 315; baseline -0.001 -15"><span class='ocrx_word' id='word_1_6' title='bbox 113 247 174 301; x_wconf 80' lang='lat' dir='ltr'><strong>Fax</strong></span> <span class='ocrx_word' id='word_1_7' title='bbox 184 261 302 315; x_wconf 90' lang='lat' dir='ltr'><strong>quoque,</strong></span> <span class='ocrx_word' id='word_1_8' title='bbox 313 259 395 312; x_wconf 90' lang='lat' dir='ltr'><strong>quam</strong></span> <span class='ocrx_word' id='word_1_9' title='bbox 406 245 503 307; x_wconf 86' lang='lat' dir='ltr'><strong>tenuit,</strong></span> <span class='ocrx_word' id='word_1_10' title='bbox 514 244 662 296; x_wconf 89' lang='lat' dir='ltr'><strong>lacrimoso</strong></span> <span class='ocrx_word' id='word_1_11' title='bbox 674 244 843 299; x_wconf 80' lang='lat' dir='ltr'><strong>stridulst&#39;us</strong></span> 
     </span>
     <span class='ocr_line' id='line_1_3' title="bbox 112 313 789 384; baseline -0.004 -16"><span class='ocrx_word' id='word_1_12' title='bbox 112 318 207 384; x_wconf 86' lang='lat' dir='ltr'><strong>Vsque</strong></span> <span class='ocrx_word' id='word_1_13' title='bbox 218 314 284 377; x_wconf 75' lang='lat' dir='ltr'><strong>fuit,</strong></span> <span class='ocrx_word' id='word_1_14' title='bbox 295 314 442 380; x_wconf 79' lang='lat' dir='ltr'><strong>nudosque</strong></span> <span class='ocrx_word' id='word_1_15' title='bbox 452 315 557 364; x_wconf 82' lang='lat' dir='ltr'><strong>invenit</strong></span> <span class='ocrx_word' id='word_1_16' title='bbox 566 313 688 364; x_wconf 88' lang='lat' dir='ltr'><strong>motibus</strong></span> <span class='ocrx_word' id='word_1_17' title='bbox 698 315 789 382; x_wconf 81' lang='lat' dir='ltr'><strong>ignes.</strong></span> 
     </span>
     <span class='ocr_line' id='line_1_4' title="bbox 112 381 839 450; baseline 0.001 -14"><span class='ocrx_word' id='word_1_18' title='bbox 112 385 211 436; x_wconf 83' lang='lat' dir='ltr'><strong>Exitus</strong></span> <span class='ocrx_word' id='word_1_19' title='bbox 221 383 342 450; x_wconf 84' lang='lat' dir='ltr'><strong>suspicio</strong></span> <span class='ocrx_word' id='word_1_20' title='bbox 354 384 476 450; x_wconf 75' lang='lat' dir='ltr'><strong>graviors</strong></span> <span class='ocrx_word' id='word_1_21' title='bbox 493 396 556 432; x_wconf 83' lang='lat' dir='ltr'><strong>nem</strong></span> <span class='ocrx_word' id='word_1_22' title='bbox 565 387 663 448; x_wconf 84' lang='lat' dir='ltr'><strong>nupta,</strong></span> <span class='ocrx_word' id='word_1_23' title='bbox 674 397 728 449; x_wconf 83' lang='lat' dir='ltr'><strong>per</strong></span> <span class='ocrx_word' id='word_1_24' title='bbox 738 381 839 438; x_wconf 70' lang='lat' dir='ltr'><strong>herou</strong></span> 
     </span>
     <span class='ocr_line' id='line_1_5' title="bbox 111 451 791 518; baseline -0.001 -13"><span class='ocrx_word' id='word_1_25' title='bbox 111 453 186 506; x_wconf 88' lang='lat' dir='ltr'><strong>Dum</strong></span> <span class='ocrx_word' id='word_1_26' title='bbox 197 467 268 504; x_wconf 82' lang='lat' dir='ltr'><strong>nova</strong></span> <span class='ocrx_word' id='word_1_27' title='bbox 278 451 415 504; x_wconf 84' lang='lat' dir='ltr'><strong>Naiadum</strong></span> <span class='ocrx_word' id='word_1_28' title='bbox 425 451 506 502; x_wconf 85' lang='lat' dir='ltr'><strong>turba</strong></span> <span class='ocrx_word' id='word_1_29' title='bbox 515 452 648 503; x_wconf 87' lang='lat' dir='ltr'><strong>comitata</strong></span> <span class='ocrx_word' id='word_1_30' title='bbox 657 456 791 518; x_wconf 80' lang='lat' dir='ltr'><strong>vagatur,</strong></span> 
     </span>
    </p>

    <p class='ocr_par' dir='ltr' id='par_1_3' title="bbox 72 520 843 723">
     <span class='ocr_line' id='line_1_6' title="bbox 72 520 750 587; baseline 0 -14"><span class='ocrx_word' id='word_1_31' title='bbox 72 538 102 574; x_wconf 91' lang='lat' dir='ltr'><strong>ro</strong></span> <span class='ocrx_word' id='word_1_32' title='bbox 114 523 235 587; x_wconf 82' lang='lat' dir='ltr'><strong>Occidit,</strong></span> <span class='ocrx_word' id='word_1_33' title='bbox 245 523 273 572; x_wconf 88' lang='lat' dir='ltr'><strong>in</strong></span> <span class='ocrx_word' id='word_1_34' title='bbox 284 520 373 572; x_wconf 86' lang='lat' dir='ltr'><strong>talum</strong></span> <span class='ocrx_word' id='word_1_35' title='bbox 382 521 520 586; x_wconf 86' lang='lat' dir='ltr'><strong>serpentis</strong></span> <span class='ocrx_word' id='word_1_36' title='bbox 530 521 613 572; x_wconf 87' lang='lat' dir='ltr'><strong>dente</strong></span> <span class='ocrx_word' id='word_1_37' title='bbox 623 526 750 586; x_wconf 85' lang='lat' dir='ltr'><strong>reo&#39;epto.</strong></span> 
     </span>
     <span class='ocr_line' id='line_1_7' title="bbox 113 587 843 657; baseline 0.004 -16"><span class='ocrx_word' id='word_1_38' title='bbox 113 593 204 654; x_wconf 74' lang='lat' dir='ltr'><strong>Quam</strong></span> <span class='ocrx_word' id='word_1_39' title='bbox 214 592 283 643; x_wconf 83' lang='lat' dir='ltr'><strong>satis</strong></span> <span class='ocrx_word' id='word_1_40' title='bbox 294 591 329 641; x_wconf 81' lang='lat' dir='ltr'><strong>ad</strong></span> <span class='ocrx_word' id='word_1_41' title='bbox 339 595 604 657; x_wconf 84' lang='lat' dir='ltr'><strong>superaspostquam</strong></span> <span class='ocrx_word' id='word_1_42' title='bbox 609 587 843 656; x_wconf 77' lang='lat' dir='ltr'><strong>Rhodopeiusaur</strong></span> 
     </span>
     <span class='ocr_line' id='line_1_8' title="bbox 112 659 757 723; baseline -0.005 -11"><span class='ocrx_word' id='word_1_43' title='bbox 112 659 235 713; x_wconf 83' lang='lat' dir='ltr'><strong>Dessevit</strong></span> <span class='ocrx_word' id='word_1_44' title='bbox 244 666 335 723; x_wconf 66' lang='grc' dir='ltr'><strong>ναίους</strong></span> <span class='ocrx_word' id='word_1_45' title='bbox 350 667 450 710; x_wconf 80' lang='lat' dir='ltr'><strong>ne&#39;non</strong></span> <span class='ocrx_word' id='word_1_46' title='bbox 460 663 584 711; x_wconf 84' lang='lat' dir='ltr'><strong>tentaret</strong></span> <span class='ocrx_word' id='word_1_47' title='bbox 594 664 623 710; x_wconf 85' lang='lat' dir='ltr'><strong>et</strong></span> <span class='ocrx_word' id='word_1_48' title='bbox 630 659 757 722; x_wconf 83' lang='lat' dir='ltr'><strong>umbras,</strong></span> 
     </span>
    </p>

    <p class='ocr_par' dir='ltr' id='par_1_4' title="bbox 111 727 834 930">
     <span class='ocr_line' id='line_1_9' title="bbox 111 727 832 797; baseline -0.003 -14"><span class='ocrx_word' id='word_1_49' title='bbox 111 731 155 783; x_wconf 82' lang='lat' dir='ltr'><strong>Ad</strong></span> <span class='ocrx_word' id='word_1_50' title='bbox 166 729 254 797; x_wconf 84' lang='lat' dir='ltr'><strong>Styga</strong></span> <span class='ocrx_word' id='word_1_51' title='bbox 264 730 402 780; x_wconf 83' lang='lat' dir='ltr'><strong>Taenaria</strong></span> <span class='ocrx_word' id='word_1_52' title='bbox 412 733 455 781; x_wconf 87' lang='lat' dir='ltr'><strong>est</strong></span> <span class='ocrx_word' id='word_1_53' title='bbox 464 742 547 780; x_wconf 88' lang='lat' dir='ltr'><strong>susus</strong></span> <span class='ocrx_word' id='word_1_54' title='bbox 557 727 728 780; x_wconf 88' lang='lat' dir='ltr'><strong>descendere</strong></span> <span class='ocrx_word' id='word_1_55' title='bbox 738 733 832 795; x_wconf 73' lang='lat' dir='ltr'><strong>porta:</strong></span> 
     </span>
     <span class='ocr_line' id='line_1_10' title="bbox 112 796 834 917; baseline 0 -66"><span class='ocrx_word' id='word_1_56' title='bbox 112 797 221 866; x_wconf 80' lang='lat' dir='ltr'><strong>Perque</strong></span> <span class='ocrx_word' id='word_1_57' title='bbox 235 797 311 850; x_wconf 81' lang='lat' dir='ltr'><strong>leves</strong></span> <span class='ocrx_word' id='word_1_58' title='bbox 325 797 457 864; x_wconf 82' lang='lat' dir='ltr'><strong>populos,</strong></span> <span class='ocrx_word' id='word_1_59' title='bbox 471 797 676 917; x_wconf 69' lang='lat' dir='ltr'><strong>simulalcraque</strong></span> <span class='ocrx_word' id='word_1_60' title='bbox 691 796 793 850; x_wconf 76' lang='lat' dir='ltr'><strong>tnncts</strong></span> <span class='ocrx_word' id='word_1_61' title='bbox 805 813 834 851; x_wconf 89' lang='lat' dir='ltr'><strong>se</strong></span> 
     </span>
     <span class='ocr_line' id='line_1_11' title="bbox 546 881 641 930; baseline 0 -14"><span class='ocrx_word' id='word_1_62' title='bbox 546 881 641 930; x_wconf 73' lang='lat' dir='ltr'><strong>ueras,</strong></span> 
     </span>
    </p>

    <p class='ocr_par' dir='ltr' id='par_1_5' title="bbox 72 882 843 1212">
     <span class='ocr_line' id='line_1_12' title="bbox 72 882 843 1002; baseline -0.001 -14"><span class='ocrx_word' id='word_1_63' title='bbox 72 937 103 989; x_wconf 83' lang='lat'><strong>15</strong></span> <span class='ocrx_word' id='word_1_64' title='bbox 112 933 308 1002; x_wconf 73' lang='lat' dir='ltr'><strong>Persephonen</strong></span> <span class='ocrx_word' id='word_1_65' title='bbox 320 934 402 999; x_wconf 87' lang='lat' dir='ltr'><strong>adiit,</strong></span> <span class='ocrx_word' id='word_1_66' title='bbox 411 882 612 1002; x_wconf 37' lang='lat' dir='ltr'><strong>inamoerssaque</strong></span> <span class='ocrx_word' id='word_1_67' title='bbox 623 949 711 1002; x_wconf 79' lang='lat' dir='ltr'><strong>regns</strong></span> <span class='ocrx_word' id='word_1_68' title='bbox 720 940 843 989; x_wconf 76' lang='lat' dir='ltr'><strong>tencmes</strong></span> 
     </span>
     <span class='ocr_line' id='line_1_13' title="bbox 111 1003 843 1071; baseline 0.001 -13"><span class='ocrx_word' id='word_1_69' title='bbox 111 1005 280 1058; x_wconf 86' lang='lat' dir='ltr'><strong>Vmbrarum</strong></span> <span class='ocrx_word' id='word_1_70' title='bbox 290 1004 444 1056; x_wconf 82' lang='lat' dir='ltr'><strong>dominum:</strong></span> <span class='ocrx_word' id='word_1_71' title='bbox 455 1005 599 1071; x_wconf 89' lang='lat' dir='ltr'><strong>pulsisque</strong></span> <span class='ocrx_word' id='word_1_72' title='bbox 609 1003 646 1055; x_wconf 84' lang='lat' dir='ltr'><strong>ad</strong></span> <span class='ocrx_word' id='word_1_73' title='bbox 655 1007 843 1059; x_wconf 79' lang='lat' dir='ltr'><strong>canninanen</strong></span> 
     </span>
     <span class='ocr_line' id='line_1_14' title="bbox 112 1073 742 1140; baseline 0 -14"><span class='ocrx_word' id='word_1_74' title='bbox 112 1073 160 1126; x_wconf 85' lang='lat' dir='ltr'><strong>Sic</strong></span> <span class='ocrx_word' id='word_1_75' title='bbox 169 1075 221 1126; x_wconf 85' lang='lat' dir='ltr'><strong>sit:</strong></span> <span class='ocrx_word' id='word_1_76' title='bbox 235 1073 258 1124; x_wconf 94' lang='lat'>0</span> <span class='ocrx_word' id='word_1_77' title='bbox 269 1075 352 1140; x_wconf 89' lang='lat' dir='ltr'><strong>positi</strong></span> <span class='ocrx_word' id='word_1_78' title='bbox 362 1074 412 1124; x_wconf 89' lang='lat' dir='ltr'><strong>sub</strong></span> <span class='ocrx_word' id='word_1_79' title='bbox 423 1078 500 1126; x_wconf 89' lang='lat' dir='ltr'><strong>terra</strong></span> <span class='ocrx_word' id='word_1_80' title='bbox 510 1076 625 1125; x_wconf 87' lang='lat' dir='ltr'><strong>numina</strong></span> <span class='ocrx_word' id='word_1_81' title='bbox 635 1074 742 1138; x_wconf 85' lang='lat' dir='ltr'><strong>muudi,</strong></span> 
     </span>
     <span class='ocr_line' id='line_1_15' title="bbox 111 1140 833 1212; baseline 0 -16"><span class='ocrx_word' id='word_1_82' title='bbox 111 1145 144 1197; x_wconf 89' lang='lat' dir='ltr'><strong>ln</strong></span> <span class='ocrx_word' id='word_1_83' title='bbox 154 1159 237 1212; x_wconf 91' lang='lat' dir='ltr'><strong>quem</strong></span> <span class='ocrx_word' id='word_1_84' title='bbox 247 1143 407 1206; x_wconf 79' lang='lat' dir='ltr'><strong>recidimus,</strong></span> <span class='ocrx_word' id='word_1_85' title='bbox 419 1144 550 1210; x_wconf 88' lang='lat' dir='ltr'><strong>quidquid</strong></span> <span class='ocrx_word' id='word_1_86' title='bbox 560 1142 680 1194; x_wconf 83' lang='lat' dir='ltr'><strong>mortale</strong></span> <span class='ocrx_word' id='word_1_87' title='bbox 691 1140 833 1207; x_wconf 82' lang='lat' dir='ltr'><strong>creamur;</strong></span> 
     </span>
    </p>

    <p class='ocr_par' dir='ltr' id='par_1_6' title="bbox 52 1211 806 1280">
     <span class='ocr_line' id='line_1_16' title="bbox 52 1211 806 1280; baseline -0.008 -11"><span class='ocrx_word' id='word_1_88' title='bbox 52 1263 54 1269; x_wconf 94' lang='lat'><em>.</em></span> <span class='ocrx_word' id='word_1_89' title='bbox 113 1212 144 1265; x_wconf 89' lang='lat' dir='ltr'><strong>Si</strong></span> <span class='ocrx_word' id='word_1_90' title='bbox 153 1213 231 1275; x_wconf 90' lang='lat' dir='ltr'><strong>licet,</strong></span> <span class='ocrx_word' id='word_1_91' title='bbox 242 1211 358 1276; x_wconf 83' lang='lat' dir='ltr'><strong>et,falsi</strong></span> <span class='ocrx_word' id='word_1_92' title='bbox 367 1213 466 1277; x_wconf 87' lang='lat' dir='ltr'><strong>positis</strong></span> <span class='ocrx_word' id='word_1_93' title='bbox 476 1213 640 1280; x_wconf 84' lang='lat' dir='ltr'><strong>ambagibus</strong></span> <span class='ocrx_word' id='word_1_94' title='bbox 651 1216 718 1275; x_wconf 88' lang='lat' dir='ltr'><strong>oris,</strong></span> <span class='ocrx_word' id='word_1_95' title='bbox 766 1239 771 1249; x_wconf 89' lang='lat'><em>·</em></span> <span class='ocrx_word' id='word_1_96' title='bbox 802 1224 806 1231; x_wconf 89' lang='lat'><em>·</em></span> 
     </span>
    </p>

    <p class='ocr_par' dir='ltr' id='par_1_7' title="bbox 71 1279 818 1625">
     <span class='ocr_line' id='line_1_17' title="bbox 71 1279 818 1350; baseline -0.001 -14"><span class='ocrx_word' id='word_1_97' title='bbox 71 1300 105 1336; x_wconf 89' lang='lat'><strong>20</strong></span> <span class='ocrx_word' id='word_1_98' title='bbox 114 1283 191 1336; x_wconf 87' lang='lat' dir='ltr'><strong>Vera</strong></span> <span class='ocrx_word' id='word_1_99' title='bbox 200 1281 278 1350; x_wconf 88' lang='lat' dir='ltr'><strong>loqui</strong></span> <span class='ocrx_word' id='word_1_100' title='bbox 289 1282 393 1344; x_wconf 79' lang='lat' dir='ltr'><strong>sinitis3</strong></span> <span class='ocrx_word' id='word_1_101' title='bbox 408 1296 463 1332; x_wconf 87' lang='lat' dir='ltr'><strong>uon</strong></span> <span class='ocrx_word' id='word_1_102' title='bbox 474 1279 541 1345; x_wconf 89' lang='lat' dir='ltr'><strong>huc,</strong></span> <span class='ocrx_word' id='word_1_103' title='bbox 551 1286 584 1330; x_wconf 91' lang='lat' dir='ltr'><strong>ut</strong></span> <span class='ocrx_word' id='word_1_104' title='bbox 594 1295 681 1347; x_wconf 82' lang='lat' dir='ltr'><strong>opaca</strong></span> <span class='ocrx_word' id='word_1_105' title='bbox 692 1280 818 1335; x_wconf 81' lang='lat' dir='ltr'><strong>riderem</strong></span> 
     </span>
     <span class='ocr_line' id='line_1_18' title="bbox 114 1349 766 1413; baseline -0.005 -10"><span class='ocrx_word' id='word_1_106' title='bbox 114 1353 248 1413; x_wconf 82' lang='lat' dir='ltr'><strong>Tartara,</strong></span> <span class='ocrx_word' id='word_1_107' title='bbox 259 1350 402 1413; x_wconf 83' lang='lat' dir='ltr'><strong>descendi3</strong></span> <span class='ocrx_word' id='word_1_108' title='bbox 416 1365 467 1402; x_wconf 89' lang='lat' dir='ltr'><strong>nec</strong></span> <span class='ocrx_word' id='word_1_109' title='bbox 477 1352 519 1401; x_wconf 91' lang='lat' dir='ltr'><strong>uti</strong></span> <span class='ocrx_word' id='word_1_110' title='bbox 528 1349 630 1402; x_wconf 80' lang='lat' dir='ltr'><strong>villosa</strong></span> <span class='ocrx_word' id='word_1_111' title='bbox 639 1350 766 1403; x_wconf 86' lang='lat' dir='ltr'><strong>colubris</strong></span> 
     </span>
     <span class='ocr_line' id='line_1_19' title="bbox 113 1420 772 1486; baseline -0.003 -14"><span class='ocrx_word' id='word_1_112' title='bbox 113 1422 210 1472; x_wconf 83' lang='lat' dir='ltr'><strong>&#39;Perna</strong></span> <span class='ocrx_word' id='word_1_113' title='bbox 218 1420 364 1471; x_wconf 75' lang='lat' dir='ltr'><strong>Medusaei</strong></span> <span class='ocrx_word' id='word_1_114' title='bbox 374 1420 505 1470; x_wconf 82' lang='lat' dir='ltr'><strong>vincirem</strong></span> <span class='ocrx_word' id='word_1_115' title='bbox 515 1424 631 1486; x_wconf 84' lang='lat' dir='ltr'><strong>guttura</strong></span> <span class='ocrx_word' id='word_1_116' title='bbox 640 1420 772 1470; x_wconf 78' lang='lat' dir='ltr'><strong>monstri.</strong></span> 
     </span>
     <span class='ocr_line' id='line_1_20' title="bbox 115 1487 815 1555; baseline 0.003 -16"><span class='ocrx_word' id='word_1_117' title='bbox 115 1490 219 1539; x_wconf 80' lang='lat' dir='ltr'><strong>Caussa</strong></span> <span class='ocrx_word' id='word_1_118' title='bbox 228 1489 289 1538; x_wconf 84' lang='lat' dir='ltr'><strong>viae</strong></span> <span class='ocrx_word' id='word_1_119' title='bbox 299 1489 413 1549; x_wconf 86' lang='lat' dir='ltr'><strong>coniux,</strong></span> <span class='ocrx_word' id='word_1_120' title='bbox 423 1488 452 1538; x_wconf 87' lang='lat' dir='ltr'><strong>in</strong></span> <span class='ocrx_word' id='word_1_121' title='bbox 463 1503 544 1555; x_wconf 90' lang='lat' dir='ltr'><strong>quam</strong></span> <span class='ocrx_word' id='word_1_122' title='bbox 555 1487 664 1539; x_wconf 84' lang='lat' dir='ltr'><strong>calcata</strong></span> <span class='ocrx_word' id='word_1_123' title='bbox 674 1503 815 1541; x_wconf 77' lang='lat' dir='ltr'><strong>uenenum</strong></span> 
     </span>
     <span class='ocr_line' id='line_1_21' title="bbox 112 1555 812 1625; baseline 0.001 -17"><span class='ocrx_word' id='word_1_124' title='bbox 112 1557 219 1623; x_wconf 86' lang='lat' dir='ltr'><strong>Vipera</strong></span> <span class='ocrx_word' id='word_1_125' title='bbox 229 1555 353 1618; x_wconf 83' lang='lat' dir='ltr'><strong>diffudit,</strong></span> <span class='ocrx_word' id='word_1_126' title='bbox 363 1561 575 1625; x_wconf 84' lang='lat' dir='ltr'><strong>crescentesque</strong></span> <span class='ocrx_word' id='word_1_127' title='bbox 585 1556 704 1608; x_wconf 89' lang='lat' dir='ltr'><strong>abstulit</strong></span> <span class='ocrx_word' id='word_1_128' title='bbox 713 1571 812 1609; x_wconf 75' lang='lat' dir='ltr'><strong>annos</strong></span> 
     </span>
    </p>

    <p class='ocr_par' dir='ltr' id='par_1_8' title="bbox 71 1624 750 1693">
     <span class='ocr_line' id='line_1_22' title="bbox 71 1624 750 1693; baseline 0.003 -17"><span class='ocrx_word' id='word_1_129' title='bbox 71 1626 103 1680; x_wconf 85' lang='lat'><strong>25</strong></span> <span class='ocrx_word' id='word_1_130' title='bbox 114 1625 198 1677; x_wconf 83' lang='lat' dir='ltr'><strong>Posse</strong></span> <span class='ocrx_word' id='word_1_131' title='bbox 209 1626 267 1691; x_wconf 89' lang='lat' dir='ltr'><strong>pati</strong></span> <span class='ocrx_word' id='word_1_132' title='bbox 277 1624 363 1676; x_wconf 83' lang='lat' dir='ltr'><strong>volui:</strong></span> <span class='ocrx_word' id='word_1_133' title='bbox 381 1639 433 1676; x_wconf 87' lang='lat' dir='ltr'><strong>nec</strong></span> <span class='ocrx_word' id='word_1_134' title='bbox 443 1641 486 1677; x_wconf 90' lang='lat' dir='ltr'><strong>me</strong></span> <span class='ocrx_word' id='word_1_135' title='bbox 497 1631 619 1678; x_wconf 85' lang='lat' dir='ltr'><strong>tentasse</strong></span> <span class='ocrx_word' id='word_1_136' title='bbox 630 1627 750 1693; x_wconf 85' lang='lat' dir='ltr'><strong>negabo.</strong></span> 
     </span>
    </p>

    <p class='ocr_par' dir='ltr' id='par_1_9' title="bbox 112 1693 843 1761">
     <span class='ocr_line' id='line_1_23' title="bbox 112 1693 843 1761; baseline 0.001 -15"><span class='ocrx_word' id='word_1_137' title='bbox 112 1694 185 1746; x_wconf 86' lang='lat' dir='ltr'><strong>Vicit</strong></span> <span class='ocrx_word' id='word_1_138' title='bbox 195 1695 289 1744; x_wconf 79' lang='lat' dir='ltr'><strong>Annos:</strong></span> <span class='ocrx_word' id='word_1_139' title='bbox 301 1694 482 1761; x_wconf 87' lang='lat' dir='ltr'><strong>superaDeus</strong></span> <span class='ocrx_word' id='word_1_140' title='bbox 493 1693 537 1746; x_wconf 89' lang='lat' dir='ltr'><strong>hic</strong></span> <span class='ocrx_word' id='word_1_141' title='bbox 546 1695 618 1746; x_wconf 87' lang='lat' dir='ltr'><strong>bene</strong></span> <span class='ocrx_word' id='word_1_142' title='bbox 627 1701 711 1745; x_wconf 88' lang='lat' dir='ltr'><strong>notus</strong></span> <span class='ocrx_word' id='word_1_143' title='bbox 722 1697 752 1746; x_wconf 87' lang='lat' dir='ltr'><strong>in</strong></span> <span class='ocrx_word' id='word_1_144' title='bbox 765 1709 843 1747; x_wconf 73' lang='lat' dir='ltr'><strong>oraet</strong></span> 
     </span>
    </p>

    <p class='ocr_par' dir='ltr' id='par_1_10' title="bbox 111 1761 843 1831">
     <span class='ocr_line' id='line_1_24' title="bbox 111 1761 843 1831; baseline -0.004 -15"><span class='ocrx_word' id='word_1_145' title='bbox 111 1765 154 1816; x_wconf 79' lang='lat' dir='ltr'><strong>An</strong></span> <span class='ocrx_word' id='word_1_146' title='bbox 166 1763 202 1814; x_wconf 88' lang='lat' dir='ltr'><strong>sit</strong></span> <span class='ocrx_word' id='word_1_147' title='bbox 212 1768 240 1814; x_wconf 90' lang='lat' dir='ltr'><strong>et</strong></span> <span class='ocrx_word' id='word_1_148' title='bbox 249 1761 307 1824; x_wconf 87' lang='lat' dir='ltr'><strong>hic,</strong></span> <span class='ocrx_word' id='word_1_149' title='bbox 318 1764 428 1814; x_wconf 85' lang='lat' dir='ltr'><strong>dubito:</strong></span> <span class='ocrx_word' id='word_1_150' title='bbox 438 1764 489 1814; x_wconf 91' lang='lat' dir='ltr'><strong>sed</strong></span> <span class='ocrx_word' id='word_1_151' title='bbox 495 1763 670 1815; x_wconf 88' lang='lat' dir='ltr'><strong>ethictamen</strong></span> <span class='ocrx_word' id='word_1_152' title='bbox 676 1780 803 1831; x_wconf 82' lang='lat' dir='ltr'><strong>auguror</strong></span> <span class='ocrx_word' id='word_1_153' title='bbox 808 1779 843 1816; x_wconf 84' lang='lat' dir='ltr'><strong>ess</strong></span> 
     </span>
    </p>

    <p class='ocr_par' dir='ltr' id='par_1_11' title="bbox 111 1833 808 1899">
     <span class='ocr_line' id='line_1_25' title="bbox 111 1833 808 1899; baseline -0.001 -14"><span class='ocrx_word' id='word_1_154' title='bbox 111 1833 252 1899; x_wconf 83' lang='lat' dir='ltr'><strong>Famaque</strong></span> <span class='ocrx_word' id='word_1_155' title='bbox 263 1834 286 1882; x_wconf 91' lang='lat' dir='ltr'><strong>si</strong></span> <span class='ocrx_word' id='word_1_156' title='bbox 298 1837 417 1884; x_wconf 87' lang='lat' dir='ltr'><strong>veterem</strong></span> <span class='ocrx_word' id='word_1_157' title='bbox 428 1846 483 1882; x_wconf 88' lang='lat' dir='ltr'><strong>non</strong></span> <span class='ocrx_word' id='word_1_158' title='bbox 494 1838 536 1884; x_wconf 87' lang='lat' dir='ltr'><strong>est</strong></span> <span class='ocrx_word' id='word_1_159' title='bbox 545 1836 661 1884; x_wconf 89' lang='lat' dir='ltr'><strong>mentita</strong></span> <span class='ocrx_word' id='word_1_160' title='bbox 670 1835 808 1899; x_wconf 82' lang='lat' dir='ltr'><strong>rapinam,</strong></span> 
     </span>
    </p>

    <p class='ocr_par' dir='ltr' id='par_1_12' title="bbox 111 1900 843 2033">
     <span class='ocr_line' id='line_1_26' title="bbox 111 1900 843 1970; baseline 0 -18"><span class='ocrx_word' id='word_1_161' title='bbox 111 1900 169 1952; x_wconf 90' lang='lat' dir='ltr'><strong>Vos</strong></span> <span class='ocrx_word' id='word_1_162' title='bbox 180 1916 289 1970; x_wconf 91' lang='lat' dir='ltr'><strong>quoque</strong></span> <span class='ocrx_word' id='word_1_163' title='bbox 298 1902 390 1952; x_wconf 83' lang='lat' dir='ltr'><strong>iunxit</strong></span> <span class='ocrx_word' id='word_1_164' title='bbox 398 1904 489 1955; x_wconf 79' lang='lat' dir='ltr'><strong>Amor.</strong></span> <span class='ocrx_word' id='word_1_165' title='bbox 509 1901 564 1954; x_wconf 88' lang='lat' dir='ltr'><strong>Per</strong></span> <span class='ocrx_word' id='word_1_166' title='bbox 574 1916 626 1968; x_wconf 85' lang='lat' dir='ltr'><strong>ego</strong></span> <span class='ocrx_word' id='word_1_167' title='bbox 637 1900 707 1953; x_wconf 82' lang='lat' dir='ltr'><strong>haec</strong></span> <span class='ocrx_word' id='word_1_168' title='bbox 719 1902 786 1955; x_wconf 81' lang='lat' dir='ltr'><strong>loeo</strong></span> <span class='ocrx_word' id='word_1_169' title='bbox 795 1900 843 1969; x_wconf 91' lang='lat' dir='ltr'><strong>ple:</strong></span> 
     </span>
     <span class='ocr_line' id='line_1_27' title="bbox 524 1973 643 2033; baseline -0.017 -11"><span class='ocrx_word' id='word_1_170' title='bbox 524 1973 643 2033; x_wconf 86' lang='lat' dir='ltr'><strong>timoris,</strong></span> 
     </span>
    </p>
   </div>
   <div class='ocr_carea' id='block_1_3' title="bbox 71 2030 820 2379">
    <p class='ocr_par' dir='ltr' id='par_1_13' title="bbox 71 2030 820 2379">
     <span class='ocr_line' id='line_1_28' title="bbox 71 2030 811 2108; baseline -0.001 -15"><span class='ocrx_word' id='word_1_171' title='bbox 71 2042 103 2093; x_wconf 77' lang='lat'><strong>50</strong></span> <span class='ocrx_word' id='word_1_172' title='bbox 113 2040 167 2094; x_wconf 90' lang='lat' dir='ltr'><strong>Per</strong></span> <span class='ocrx_word' id='word_1_173' title='bbox 178 2038 267 2092; x_wconf 83' lang='lat' dir='ltr'><strong>Chaos</strong></span> <span class='ocrx_word' id='word_1_174' title='bbox 278 2039 452 2108; x_wconf 70' lang='lat' dir='ltr'><strong>irmingerus,</strong></span> <span class='ocrx_word' id='word_1_175' title='bbox 463 2041 589 2108; x_wconf 84' lang='lat' dir='ltr'><strong>vastique</strong></span> <span class='ocrx_word' id='word_1_176' title='bbox 600 2039 711 2090; x_wconf 89' lang='lat' dir='ltr'><strong>silentia</strong></span> <span class='ocrx_word' id='word_1_177' title='bbox 721 2030 811 2108; x_wconf 78' lang='lat' dir='ltr'><strong>regni,</strong></span> 
     </span>
     <span class='ocr_line' id='line_1_29' title="bbox 112 2100 709 2176; baseline -0.007 -15"><span class='ocrx_word' id='word_1_178' title='bbox 112 2110 279 2176; x_wconf 84' lang='lat' dir='ltr'><strong>Eurydices,</strong></span> <span class='ocrx_word' id='word_1_179' title='bbox 290 2123 353 2171; x_wconf 88' lang='lat' dir='ltr'><strong>oro,</strong></span> <span class='ocrx_word' id='word_1_180' title='bbox 363 2114 514 2175; x_wconf 89' lang='lat' dir='ltr'><strong>properata</strong></span> <span class='ocrx_word' id='word_1_181' title='bbox 522 2110 641 2160; x_wconf 83' lang='lat' dir='ltr'><strong>retexite</strong></span> <span class='ocrx_word' id='word_1_182' title='bbox 652 2100 709 2159; x_wconf 82' lang='lat' dir='ltr'><strong>fila.</strong></span> 
     </span>
     <span class='ocr_line' id='line_1_30' title="bbox 113 2178 768 2244; baseline -0.005 -14"><span class='ocrx_word' id='word_1_183' title='bbox 113 2180 214 2230; x_wconf 88' lang='lat' dir='ltr'><strong>Omnia</strong></span> <span class='ocrx_word' id='word_1_184' title='bbox 224 2178 358 2230; x_wconf 88' lang='lat' dir='ltr'><strong>debemur</strong></span> <span class='ocrx_word' id='word_1_185' title='bbox 368 2178 458 2229; x_wconf 85' lang='lat' dir='ltr'><strong>vobis:</strong></span> <span class='ocrx_word' id='word_1_186' title='bbox 474 2179 642 2244; x_wconf 84' lang='lat' dir='ltr'><strong>paulumque</strong></span> <span class='ocrx_word' id='word_1_187' title='bbox 652 2180 768 2241; x_wconf 90' lang='lat' dir='ltr'><strong>morati,</strong></span> 
     </span>
     <span class='ocr_line' id='line_1_31' title="bbox 113 2245 807 2313; baseline -0.006 -14"><span class='ocrx_word' id='word_1_188' title='bbox 113 2245 208 2299; x_wconf 80' lang='lat' dir='ltr'><strong>Serius</strong></span> <span class='ocrx_word' id='word_1_189' title='bbox 220 2254 268 2298; x_wconf 82' lang='lat' dir='ltr'><strong>aut</strong></span> <span class='ocrx_word' id='word_1_190' title='bbox 279 2249 360 2298; x_wconf 86' lang='lat' dir='ltr'><strong>citius</strong></span> <span class='ocrx_word' id='word_1_191' title='bbox 370 2247 463 2298; x_wconf 89' lang='lat' dir='ltr'><strong>sedem</strong></span> <span class='ocrx_word' id='word_1_192' title='bbox 475 2262 656 2313; x_wconf 88' lang='lat' dir='ltr'><strong>properamus</strong></span> <span class='ocrx_word' id='word_1_193' title='bbox 667 2247 703 2297; x_wconf 91' lang='lat' dir='ltr'><strong>ad</strong></span> <span class='ocrx_word' id='word_1_194' title='bbox 713 2262 807 2298; x_wconf 87' lang='lat' dir='ltr'><strong>unam.</strong></span> 
     </span>
     <span class='ocr_line' id='line_1_32' title="bbox 114 2313 820 2379; baseline -0.003 -12"><span class='ocrx_word' id='word_1_195' title='bbox 114 2317 265 2368; x_wconf 86' lang='lat' dir='ltr'><strong>Tendimus</strong></span> <span class='ocrx_word' id='word_1_196' title='bbox 276 2313 330 2366; x_wconf 90' lang='lat' dir='ltr'><strong>huc</strong></span> <span class='ocrx_word' id='word_1_197' title='bbox 341 2330 447 2379; x_wconf 87' lang='lat' dir='ltr'><strong>omnes,</strong></span> <span class='ocrx_word' id='word_1_198' title='bbox 463 2314 532 2367; x_wconf 88' lang='lat' dir='ltr'><strong>haee</strong></span> <span class='ocrx_word' id='word_1_199' title='bbox 543 2321 586 2367; x_wconf 92' lang='lat' dir='ltr'><strong>est</strong></span> <span class='ocrx_word' id='word_1_200' title='bbox 595 2316 693 2366; x_wconf 89' lang='lat' dir='ltr'><strong>domus</strong></span> <span class='ocrx_word' id='word_1_201' title='bbox 704 2315 820 2368; x_wconf 78' lang='lat' dir='ltr'><strong>ultimas</strong></span> 
     </span>
    </p>
   </div>
   <div class='ocr_carea' id='block_1_4' title="bbox 73 2399 843 2730">
    <p class='ocr_par' dir='ltr' id='par_1_14' title="bbox 525 2399 726 2436">
     <span class='ocr_line' id='line_1_33' title="bbox 525 2399 726 2436; baseline 0.01 -2"><span class='ocrx_word' id='word_1_202' title='bbox 525 2399 574 2435; x_wconf 79' lang='lat' dir='ltr'><strong>vos</strong></span> <span class='ocrx_word' id='word_1_203' title='bbox 595 2401 629 2436; x_wconf 91' lang='lat' dir='ltr'><strong>ue</strong></span> <span class='ocrx_word' id='word_1_204' title='bbox 722 2403 726 2409; x_wconf 70' lang='grc'><strong><em>’</em></strong></span> 
     </span>
    </p>

    <p class='ocr_par' dir='ltr' id='par_1_15' title="bbox 73 2401 843 2730">
     <span class='ocr_line' id='line_1_34' title="bbox 73 2401 809 2522; baseline 0.003 -20"><span class='ocrx_word' id='word_1_205' title='bbox 73 2455 105 2506; x_wconf 72' lang='lat'><strong>55</strong></span> <span class='ocrx_word' id='word_1_206' title='bbox 117 2453 239 2505; x_wconf 88' lang='lat' dir='ltr'><strong>Humani</strong></span> <span class='ocrx_word' id='word_1_207' title='bbox 248 2455 358 2522; x_wconf 84' lang='lat' dir='ltr'><strong>generis</strong></span> <span class='ocrx_word' id='word_1_208' title='bbox 366 2453 530 2521; x_wconf 88' lang='lat' dir='ltr'><strong>longissima</strong></span> <span class='ocrx_word' id='word_1_209' title='bbox 539 2401 626 2520; x_wconf 60' lang='lat' dir='ltr'><strong>regna</strong></span> <span class='ocrx_word' id='word_1_210' title='bbox 635 2454 749 2504; x_wconf 74' lang='lat' dir='ltr'><strong>tenetis·</strong></span> <span class='ocrx_word' id='word_1_211' title='bbox 806 2512 809 2516; x_wconf 51' lang='grc'>,</span> 
     </span>
     <span class='ocr_line' id='line_1_35' title="bbox 113 2523 843 2591; baseline 0.003 -18"><span class='ocrx_word' id='word_1_212' title='bbox 113 2523 192 2573; x_wconf 87' lang='lat' dir='ltr'><strong>Haec</strong></span> <span class='ocrx_word' id='word_1_213' title='bbox 202 2537 311 2591; x_wconf 90' lang='lat' dir='ltr'><strong>quoque</strong></span> <span class='ocrx_word' id='word_1_214' title='bbox 317 2560 324 2587; x_wconf 86' lang='lat'>,</span> <span class='ocrx_word' id='word_1_215' title='bbox 340 2540 401 2575; x_wconf 89' lang='lat' dir='ltr'><strong>cum</strong></span> <span class='ocrx_word' id='word_1_216' title='bbox 412 2525 500 2573; x_wconf 91' lang='lat' dir='ltr'><strong>iustos</strong></span> <span class='ocrx_word' id='word_1_217' title='bbox 511 2528 620 2574; x_wconf 84' lang='lat' dir='ltr'><strong>matura</strong></span> <span class='ocrx_word' id='word_1_218' title='bbox 630 2524 772 2589; x_wconf 85' lang='lat' dir='ltr'><strong>peregerit</strong></span> <span class='ocrx_word' id='word_1_219' title='bbox 782 2537 843 2575; x_wconf 78' lang='lat' dir='ltr'><strong>anst</strong></span> 
     </span>
     <span class='ocr_line' id='line_1_36' title="bbox 115 2592 806 2658; baseline 0.003 -16"><span class='ocrx_word' id='word_1_220' title='bbox 115 2592 185 2642; x_wconf 89' lang='lat' dir='ltr'><strong>luris</strong></span> <span class='ocrx_word' id='word_1_221' title='bbox 197 2592 250 2642; x_wconf 88' lang='lat' dir='ltr'><strong>erit</strong></span> <span class='ocrx_word' id='word_1_222' title='bbox 261 2595 354 2644; x_wconf 87' lang='lat' dir='ltr'><strong>vestri.</strong></span> <span class='ocrx_word' id='word_1_223' title='bbox 375 2593 429 2644; x_wconf 91' lang='lat' dir='ltr'><strong>Pro</strong></span> <span class='ocrx_word' id='word_1_224' title='bbox 440 2608 554 2644; x_wconf 87' lang='lat' dir='ltr'><strong>munere</strong></span> <span class='ocrx_word' id='word_1_225' title='bbox 565 2594 704 2658; x_wconf 87' lang='lat' dir='ltr'><strong>poscimus</strong></span> <span class='ocrx_word' id='word_1_226' title='bbox 715 2607 806 2644; x_wconf 88' lang='lat' dir='ltr'><strong>usum.</strong></span> 
     </span>
     <span class='ocr_line' id='line_1_37' title="bbox 115 2660 843 2730; baseline 0.004 -19"><span class='ocrx_word' id='word_1_227' title='bbox 115 2660 197 2722; x_wconf 75' lang='lat' dir='ltr'><strong>Quod</strong></span> <span class='ocrx_word' id='word_1_228' title='bbox 208 2661 231 2712; x_wconf 92' lang='lat' dir='ltr'><strong>si</strong></span> <span class='ocrx_word' id='word_1_229' title='bbox 241 2660 299 2713; x_wconf 81' lang='lat' dir='ltr'><strong>fata</strong></span> <span class='ocrx_word' id='word_1_230' title='bbox 309 2664 524 2730; x_wconf 85' lang='lat' dir='ltr'><strong>negautveniasn</strong></span> <span class='ocrx_word' id='word_1_231' title='bbox 530 2676 580 2730; x_wconf 88' lang='lat' dir='ltr'><strong>pro</strong></span> <span class='ocrx_word' id='word_1_232' title='bbox 587 2662 713 2730; x_wconf 80' lang='lat' dir='ltr'><strong>coniuge,</strong></span> <span class='ocrx_word' id='word_1_233' title='bbox 719 2667 843 2717; x_wconf 72' lang='lat' dir='ltr'><strong>certum</strong></span> 
     </span>
    </p>
   </div>
   <div class='ocr_carea' id='block_1_5' title="bbox 0 0 968 3016">
    <p class='ocr_par' dir='ltr' id='par_1_16' title="bbox 0 0 968 3016">
     <span class='ocr_line' id='line_1_38' title="bbox 0 0 968 3016; baseline 0 0"><span class='ocrx_word' id='word_1_234' title='bbox 0 0 968 3016; x_wconf 95' lang='lat' dir='ltr'><strong> </strong></span> 
     </span>
    </p>
   </div>
  </div>
 </body>
</html>
