1926 3016
135 130 188 186 21⁶
319 128 350 181 P.
370 125 510 182 ovum
527 125 708 182 NASONIS

132 234 257 289 Portitor
267 236 404 283 arcuerat.
424 229 536 299 Septem
547 237 640 285 tamen
649 232 700 284 ille
711 233 814 288 diebus

134 303 282 373 Squalidus
292 303 320 352 in
330 303 403 367 ripa,
414 302 525 355 Cereris
535 304 594 354 sine
605 317 734 364 munere,
743 305 827 357 aedit.

90 373 121 446 75
132 375 206 426 Cura
215 374 349 439 dolorque
359 372 453 435 animi,
464 373 651 440 lacrimaeque
661 372 800 426 alimenta
810 375 890 432 fuera

132 445 199 497 Esse
209 443 285 493 Deos
295 441 379 492 Erebi
388 441 517 493 crudeles
527 447 654 510 questus,
662 441 693 493 in
703 441 733 492 al

133 511 169 566 Se
178 512 278 578 recipit
288 509 632 631 Rhodopen,pulsuia{rquc
641 509 744 578 Aquilo
795 527 828 565 ua

575 594 685 630 aemon.

131 652 245 705 Tertius
256 651 402 716 aequoreis
411 648 549 700 inclusum
560 647 684 700 Piscibus
694 664 803 703 annam

130 722 256 775 Finierat
266 721 362 771 Titan:
378 732 544 783 omnemque
554 716 841 786 refugeratorpbcua

88 794 121 846 so
130 791 290 844 Femineam
300 787 454 850 Venerem3
468 801 518 838 seu
527 786 601 853 quod
611 786 685 840 male
696 789 879 853 cessaratilli,

130 860 193 912 Sive
203 857 285 908 fidem
298 855 422 908 dederat.
441 855 548 907 Multas
558 861 651 908 nmen
661 857 748 910 ardor
758 856 876 913 babebat

129 931 247 995 lungcre
258 941 289 978 se
297 927 367 976 vati:
383 925 488 977 multae
499 924 615 978 doluere
623 927 764 993 repulsae.

128 999 182 1052 llle
193 997 277 1048 etiam
288 993 429 1047 Thracum
439 993 551 1061 populis
561 994 616 1046 fuit
625 1001 738 1059 auctor,
747 1010 870 1051 amaron

128 1069 160 1119 ln
171 1071 284 1118 teneros
294 1063 448 1116 transferre
457 1079 561 1116 marea:
577 1067 703 1134 citraque
713 1067 855 1123 inventu

86 1139 118 1195 85
129 1138 236 1189 Aetatis
245 1134 329 1186 breve
340 1148 402 1194 ver,
413 1138 443 1184 et
451 1135 554 1199 primos
565 1149 679 1201 carpere
689 1135 785 1188 floras.

165 1205 251 1257 Collis
262 1207 336 1265 erat,
347 1201 502 1322 collemque
512 1218 596 1269 super
606 1204 770 1270 planissima
777 1205 865 1274 campi

128 1278 213 1327 Areae
230 1288 314 1341 quam
324 1273 441 1324 viridem
464 1273 591 1323 aciebant
601 1275 736 1339 gruminis
746 1273 856 1329 herbae.

127 1346 234 1398 Vmbra
242 1342 306 1394 loco
317 1343 423 1394 deerat.
444 1343 508 1403 Qua
516 1346 663 1410 postquam
674 1348 756 1410 parta
766 1342 869 1398 raedis

128 1415 181 1466 Dis
191 1413 302 1480 genitus
312 1415 403 1473 vates,
414 1415 443 1462 et
452 1409 500 1462 tila
509 1413 640 1463 sonantia
647 1414 749 1478 morit3

85 1501 118 1555 90
126 1483 232 1536 Vmbra
242 1481 303 1532 loeo
314 1481 400 1530 venit.
418 1479 481 1530 Non
492 1478 613 1530 Chaonis
621 1480 713 1533 abfuit
722 1482 816 1546 arbos,

127 1551 189 1603 Non
199 1565 296 1600 nemus
303 1546 464 1609 Heliadum,
469 1562 525 1599 non
533 1547 883 1613 frondibusaesculusaltls,

126 1620 185 1673 Nec
197 1618 274 1668 tiliae
285 1616 399 1679 molles,
408 1632 461 1668 nec
472 1615 566 1683 fagus,
578 1627 606 1669 ct
616 1620 719 1671 innuba
729 1620 835 1674 laurus.

127 1691 164 1740 Et
175 1687 263 1753 coryli
275 1687 402 1753 fragiles,
414 1691 444 1737 et
453 1685 580 1737 fraxinus
589 1689 668 1739 utilis
678 1688 775 1755 baetis,

128 1756 286 1823 Enodisque
297 1758 385 1818 abies,
397 1759 566 1822 curvataque
576 1757 725 1823 glandibus
736 1758 802 1823 ilex,

71 1881 74 1885 ,
86 1832 118 1900 95
129 1829 166 1878 Et
176 1825 307 1892 platanus
317 1825 449 1892 genialis,
459 1839 579 1892 acerque
591 1827 731 1878 coloribus
741 1830 839 1895 impar,

128 1895 343 1962 Amnieolacque
353 1895 435 1946 simul
445 1894 557 1957 salices,
569 1899 597 1946 et
607 1899 737 1962 aquatica
747 1896 831 1959 lotos,

127 1965 323 2032 Perpetuoque
333 1966 424 2016 virens
433 1965 538 2027 buxus,
548 1968 700 2034 tenuesque
711 1968 842 2037 myricae,

128 2037 166 2089 Et
175 2035 283 2087 bicolor
294 2040 414 2101 myrtus,
427 2041 455 2085 et
464 2035 557 2085 baccis
567 2034 680 2086 caerula
689 2037 778 2087 tinus:

127 2104 184 2157 Vos
195 2119 303 2172 quoque
314 2104 464 2170 flexipedes
475 2101 595 2156 hederae
606 2106 734 2168 venistis,
744 2110 775 2158 ct
784 2118 839 2156 una

72 2191 118 2226 100
128 2173 295 2240 Pampineae
305 2177 388 2237 vites,
400 2179 428 2225 et
438 2174 556 2225 amictae
565 2175 668 2225 vitibus
679 2174 760 2225 ulmi:

129 2244 264 2310 fimique,
275 2247 303 2294 et
315 2245 422 2308 piceae,
433 2257 572 2308 pomoque
583 2249 700 2295 onerata
710 2245 822 2296 rubenti

127 2312 264 2375 Arbutus,
276 2316 305 2364 et
315 2313 420 2374 lentae,
430 2313 544 2362 victoris
555 2314 689 2378 praemia,
699 2312 823 2378 palmae,

128 2381 165 2431 Et
174 2383 315 2432 succincta
325 2395 431 2443 comas,
442 2378 605 2448 hirsutaque
616 2383 721 2434 vertice
730 2384 820 2449 pinus,

131 2449 219 2502 Grata
229 2451 319 2502 Deum
330 2452 425 2501 matri:
443 2450 579 2517 siquidem
591 2452 742 2517 Cybeleius
752 2451 825 2505 Attis

74 2519 116 2569 rob
128 2519 212 2569 Exuit
222 2518 273 2570 hac
284 2519 422 2572 bominem
428 2556 436 2583 ‚
446 2524 599 2588 truncoque
611 2521 739 2572 induruit
747 2520 808 2572 illo.

163 2586 259 2637 Adfuit
269 2585 333 2638 huic
342 2590 454 2652 turbae,
465 2595 553 2641 metas
563 2591 685 2652 imitata,
697 2604 852 2655 cupressus,

130 2656 209 2710 Nunc
220 2657 315 2723 arbor,
325 2673 395 2725 puer
405 2664 471 2712 ante
480 2659 541 2713 Deo
552 2660 670 2716 dilectus
681 2659 716 2711 ab
727 2659 787 2724 illo,
