1926 3016
83 178 89 188 “
117 180 166 234 ico
297 174 328 230 P.
347 174 491 232 ovum
513 173 695 231 Nssorils

46 300 52 311 “
72 287 103 338 lo
114 284 251 338 Turribus
260 298 276 335 e
286 281 401 333 summis
410 281 439 333 in
450 279 677 333 Gnosiamittere
688 294 794 347 corpus

114 354 226 417 Castra3
240 351 284 404 rel
293 356 403 403 aeratas
414 349 487 402 hosti
498 350 643 403 recludere
655 355 766 417 portas:
847 364 852 369 ·

114 425 140 476 V
142 424 169 475 cl
178 424 201 473 si
214 420 279 490 quid
290 420 384 472 Minos
394 419 472 471 aliud
482 421 557 472 velit.
576 420 671 487 thue
682 419 804 472 sedebat

114 491 239 545 Candida
248 490 360 543 Dictaei
370 494 500 557 spectans
510 491 635 542 tentoria
644 490 736 556 regis3

113 562 231 626 Laeter,
241 561 293 623 ait,
303 559 450 613 doleamne
460 559 520 627 geri
530 558 703 611 lacrimabile
713 558 829 621 bellum,

69 627 145 683 45111
157 631 240 682 dubio
252 635 303 683 est.
313 628 414 692 Doleo,
424 628 499 697 quod
509 629 602 680 Minos
613 627 703 680 hostis
713 629 821 680 amanti
829 642 855 681 es

115 701 171 753 Sed
181 701 233 751 nisi
243 699 320 752 bella
330 697 432 763 forent,
443 697 575 767 numquid
584 696 855 769 niihicognitusesset

83 804 90 813 -
113 771 162 823 lile
172 775 268 823 tamen
278 774 391 834 accepta
401 774 513 835 poterat
522 768 661 836 deponere
671 767 782 820 bellum

115 838 233 890 Obside:
248 853 293 891 me
303 839 430 891 comitem
440 854 500 901 ,me
510 842 586 908 pacis
595 838 695 906 pignus
707 836 821 890 habere.

116 908 159 972 Si,
171 922 242 976 quae
253 913 281 961 te
291 910 402 977 genuit,
412 909 490 972 talis,
501 907 687 976 pulcherrime
698 923 806 970 rerum,

74 978 106 1031 50
117 978 214 1041 Qualis
225 993 256 1030 es
265 980 339 1046 ipse,
349 977 416 1042 fuit3
431 979 531 1031 merito
541 978 619 1031 Deus
630 978 700 1028 arsit
709 979 739 1029 in
750 976 810 1029 illa.

117 1047 153 1101 0!
169 1062 221 1117 ego
232 1052 277 1101 ter
287 1047 369 1111 felix,
380 1049 404 1099 si
414 1050 512 1116 pennis
523 1049 661 1116 lapsa-per
672 1062 757 1099 auras

117 1119 249 1171 Gnosiaci
259 1118 363 1186 possim
374 1119 471 1170 castris
481 1118 611 1170 insistere
620 1118 709 1185 regis:

117 1188 259 1257 Fassaque
265 1204 318 1251 me,
324 1186 506 1256 flanrmasque
513 1202 596 1251 meas,
604 1201 659 1255 qua
664 1186 855 1256 dote,rogare

116 1257 214 1312 Vellet
223 1257 289 1311 ensi!
304 1264 413 1311 tantum
423 1259 530 1325 patrias
540 1273 575 1309 ne
586 1262 718 1324 posceret
727 1270 816 1309 arces.

75 1323 107 1376 55
117 1327 188 1380 Nam
198 1334 314 1395 pereant
323 1330 416 1396 potius
425 1334 537 1394 sperata
548 1326 666 1390 cubilia,
676 1342 760 1394 quam
771 1327 822 1378 sim
841 1354 845 1361 ,

117 1397 282 1450 l’roditione
291 1403 405 1464 potens:
423 1398 547 1465 quamvis
558 1411 643 1463 saepe
653 1395 724 1449 utile
734 1396 807 1448 vinci

116 1465 238 1517 Victoris
249 1467 352 1532 placidi
364 1466 431 1519 fecit
440 1467 589 1518 elementia
599 1465 705 1517 multis.

115 1536 194 1587 Iusta
204 1536 278 1602 gerit
287 1540 363 1587 certe
373 1550 424 1601 pre
435 1540 503 1588 nato
513 1536 588 1588 bella
599 1542 741 1602 peremto:

117 1605 148 1656 lu
160 1619 313 1672 caussaque
322 1604 412 1669 valet3
428 1619 609 1672 caussamque
618 1605 764 1657 tuentibus
775 1603 855 1663 armis,

75 1677 108 1727 00
118 1674 157 1729 Vt
167 1679 250 1740 puto,
260 1675 410 1726 vincemur.
430 1675 484 1736 Qui
496 1677 519 1725 si
530 1680 625 1726 manet
636 1674 728 1727 exitus
738 1675 842 1735 urbem,

119 1744 175 1794 Cur
185 1759 252 1794 suus
263 1741 333 1796 haec
341 1744 383 1794 illi
394 1744 532 1796 reserabit
541 1746 651 1796 moenia
660 1745 785 1808 Mavors,

117 1812 155 1864 lit
165 1828 219 1864 non
230 1819 326 1865 uester
336 1813 433 1864 amori
452 1813 553 1866 melius
563 1815 623 1866 sine
634 1815 732 1879 caede,
742 1825 854 1880 moraqu

117 1885 301 1951 Impensaque
311 1885 355 1934 sui
366 1885 469 1950 poterit
478 1899 611 1951 superare
623 1886 740 1936 cruoris.

119 1953 209 2016 Quam
220 1959 314 2005 metuo
326 1959 416 2017 certe,
427 1969 461 2006 ne
472 1956 534 2021 quis
544 1959 593 2005 tua
603 1959 732 2022 pectora,
743 1954 842 2015 Minos,

75 2021 107 2073 05
120 2023 259 2076 Vulnerat
267 2022 441 2091 imprudens!
453 2026 515 2091 quis
527 2026 600 2076 enim
610 2030 669 2075 tam
680 2023 767 2086 dirus,
779 2029 810 2074 ut
818 2024 855 2072 im

118 2093 248 2162 Dirigere
258 2094 407 2157 immitem,
419 2095 472 2144 uisi
483 2095 605 2156 nescius,
616 2094 719 2145 audeat
727 2086 850 2144 hastam!

120 2163 226 2230 Coepta
235 2163 361 2230 placent,
372 2169 401 2216 et
410 2167 467 2214 stat
477 2165 618 2215 sententia
627 2163 739 2214 tradere
751 2173 853 2214 mecum

118 2231 250 2284 Dotalem
261 2235 394 2300 patriam,
405 2235 543 2301 fluensque
555 2235 698 2299 imponere
708 2231 794 2283 bello.

119 2301 224 2352 Verum
235 2303 308 2355 velle
318 2318 417 2370 parum
428 2307 479 2355 est.
499 2302 598 2353 Aditus
608 2301 736 2354 custodia
746 2304 847 2353 servat:

78 2385 110 2434 70
120 2369 306 2439 Claustraque'
319 2376 464 2440 portarum
479 2374 591 2440 genitor
605 2376 695 2424 tenet:
713 2368 789 2424 hunc
803 2380 851 2437 ego

120 2508 221 2562 infelix
230 2511 329 2564 timeo:
345 2511 421 2564 solus
431 2442 715 2564 meavozglrlnlgratur.

120 2581 157 2631 lli
169 2578 301 2643 facerent,
312 2580 566 2648 sinepatreforem!
578 2582 630 2632 sibi
638 2576 855 2648 quisqueproleu

121 2649 167 2701 Fit
177 2649 268 2702 Deus:
284 2651 391 2717 ignavis
402 2650 531 2717 precibus
542 2651 668 2703 Fortuna
678 2654 824 2716 repugnat.

117 2719 216 2774 Altera
225 2719 388 2775 iamdudum
398 2735 532 2774 succensa
543 2720 677 2790 Cupidine
686 2723 768 2771 tanto
