1926 3016
159 152 193 205 18
341 149 372 202 Ρ.
390 147 530 202 ovini}
553 145 733 200 NASONIS

160 253 363 318 Praecipitatur
372 252 465 319 aquic,
482 256 511 303 et
521 252 601 319 aquis
611 265 666 301 uox
676 249 768 317 surglt
776 250 812 302 ab
820 250 916 303 isdem.
954 277 955 282 =

162 323 271 374 Callida
280 337 329 387 per
338 323 480 382 tenebras,
492 327 600 371 versato
612 320 736 382 cardine,
746 319 851 370 Thisbe

161 391 323 458 Egreditur,
334 391 462 457 fallitque
473 403 550 438 tuost
568 389 758 456 adopertaque
766 389 877 439 vultum

118 460 151 530 95
161 458 292 512 Pervenit
302 459 338 510 ad
348 459 498 510 tumulum:
512 457 641 524 dictaque
651 458 702 507 auh
714 458 814 509 arbore
824 457 905 509 redit.

159 528 298 580 Audacem
309 527 525 579 iaciebatamur.
545 527 631 579 Venit
639 526 715 577 ecce!
731 526 837 578 recenti

161 597 251 648 Caede
261 598 360 649 leaena
367 598 451 648 boum
461 601 622 662 spumantes
632 595 721 646 oblita
730 597 825 658 rictus,

159 665 332 732 Depositqra
341 667 416 716 sitim
425 666 508 715 vicini
520 665 604 715 fontia
615 666 643 715 in
654 665 736 716 unda.

161 734 251 796 Quam
262 735 358 800 procul
369 735 403 785 ad
414 734 510 784 Lunae
522 734 615 785 radios
627 734 783 799 Babylonia
793 731 905 785 Thisbe·

104 819 152 854 100
160 804 251 857 Vidit:
269 809 297 854 et
307 803 455 854 obscurum
465 803 576 868 trepido
587 802 656 868 pede
667 802 739 869 sugit
749 805 776 853 in
786 807 905 853 antrum.

160 872 290 939 Dumque
301 873 386 939 fugit,
397 878 476 939 tergo
487 872 626 923 velamina
635 872 713 937 lapsa
723 871 865 939 relinquit.

160 942 200 994 Vt
211 938 256 992 le'a
266 957 348 992 saeva
357 943 431 991 sitim
443 941 532 991 multa
541 941 712 1007 compescuit
721 941 803 1003 unda,

161 1009 237 1062 Dum
247 1010 320 1062 redit
329 1011 358 1060 in
368 1011 466 1070 silvas,
476 1012 603 1063 iuventus
614 1010 688 1061 forte
699 1011 758 1062 siue
770 1011 829 1076 ipsa

163 1081 219 1131 Ore
230 1085 376 1130 cruentato
387 1085 484 1131 tenues
495 1079 610 1131 laniavit
621 1081 745 1130 amictus.
777 1110 789 1134 a

105 1148 153 1202 105
163 1147 258 1200 Serius
268 1164 397 1216 egressus
407 1151 525 1216 vestigia
534 1150 603 1201 vidit
612 1152 640 1199 in
651 1150 710 1200 alte

161 1218 280 1273 Pulvere
292 1218 470 1281 certulam,
481 1224 596 1285 totoque
607 1218 741 1283 expalluit
751 1232 801 1269 cre

162 1287 306 1355 Pyramus.
316 1289 357 1340 vt
366 1303 431 1339 vero
441 1292 545 1339 vestem
551 1289 802 1354 quoquesanguine
807 1286 918 1347 tinctum
936 1348 939 1355 Ι

163 1359 290 1422 Reperit3
304 1357 368 1409 Vna
378 1357 448 1406 duos
458 1371 525 1418 rior,
538 1358 636 1423 inquit,
648 1358 746 1421 perdet
756 1361 894 1409 amantes.

161 1427 185 1476 E
196 1426 293 1492 quibus
302 1424 352 1474 illa
362 1424 415 1494 fuit
426 1425 513 1488 longa
520 1424 682 1489 dignissima
691 1426 755 1474 vita

106 1492 919 1561 110Nostranocensanimaest:egote,miserandapercml,

161 1563 193 1613 ln
204 1560 267 1611 loca
277 1561 360 1626 plena
370 1565 460 1612 metus
471 1561 518 1626 qui
528 1561 596 1610 iussi
607 1568 687 1612 nocte
698 1564 822 1614 venires:

162 1629 220 1682 Nec
230 1631 306 1695 prior
316 1627 370 1680 huc
380 1630 450 1680 veni.
471 1629 602 1680 Nostrum
613 1631 736 1682 divellite
747 1646 857 1699 cerpus,
918 1654 921 1659 ·

161 1700 198 1751 Et
208 1699 345 1750 scelerata
356 1698 580 1750 feruconsumite
590 1700 694 1750 viscera
706 1716 809 1763 morsu,

163 1767 199 1820 ΟΞ
216 1767 371 1835 quicunque
382 1768 432 1818 sub
443 1767 495 1819 hac
504 1767 636 1819 habitatis
646 1785 729 1836 rupe,
739 1772 843 1822 leones.

106 1835 153 1888 115
163 1837 218 1888 Sed
227 1837 316 1888 timidi
328 1843 370 1888 est
380 1844 477 1903 optare
489 1853 591 1890 necem.
613 1839 760 1892 Velamina
770 1838 888 1891 Thisbes

163 1906 264 1969 Tollit,
276 1913 304 1958 et
316 1907 350 1957 ad
361 1913 457 1972 pactae
467 1923 561 1959 secum
573 1907 628 1959 fert
638 1910 745 1960 arboris
756 1910 895 1965 umbraue

162 1978 256 2043 thue
265 1977 342 2028 dedit
352 1984 436 2028 uotae
446 1978 588 2040 lacrimas,
600 1977 677 2029 dedit
687 1979 796 2041 oscula,
807 1980 891 2029 vestit

161 2048 263 2114 Accipe
277 2063 365 2110 nunc,
380 2049 481 2114 inquit,
496 2049 584 2098 nostri
600 2064 709 2114 quoque
723 2049 866 2114 sauguinis

544 2150 547 2167 .
579 2115 703 2178 haustus,

163 2187 281 2254 Quoque
291 2190 354 2239 crat
363 2188 516 2250 accinctum
532 2183 653 2237 demittit
663 2187 691 2235 in
701 2185 749 2236 ilia
760 2184 873 2237 ferrum.

106 2273 155 2311 120
163 2256 223 2308 Nec
233 2272 326 2319 mora;
342 2256 459 2309 ferventi
469 2257 590 2306 moriens
600 2272 616 2307 e
626 2255 740 2306 vulnere
751 2254 846 2306 traxit.

163 2327 203 2378 Vt
213 2327 298 2376 iacuit
308 2327 453 2391 resupinus
463 2324 553 2387 humi3
569 2339 652 2375 cruor
663 2326 762 2375 emicat
772 2324 843 2386 alte;

164 2393 228 2446 Nou
238 2394 334 2456 aliter,
345 2411 427 2461 quam
438 2410 500 2444 cum
511 2395 607 2444 vitiato
617 2393 712 2444 fistula
722 2393 835 2458 plumbo

165 2461 319 2523 Scinditur,
330 2470 360 2513 et
369 2469 467 2515 tenues
478 2463 613 2513 stridente
624 2463 760 2513 foramine
771 2461 855 2528 longe

164 2531 331 2584 Eiaculatur
341 2547 441 2599 aquas3
456 2539 540 2600 atque
550 2533 648 2582 ictibus
659 2535 724 2583 uera
733 2532 845 2596 rumpit

95 2600 280 2653 125Arb0rei
288 2599 384 2653 foetus
394 2602 563 2670 adspergine
573 2601 665 2653 caedis
674 2603 704 2651 in
714 2606 803 2650 atram

147 2668 314 2726 Vertuutur
322 2674 447 2730 faciem:
464 2669 922 2739 uradeiuetaqueaaugximeradm
