1926 3016
146 163 189 219 co·
217 189 219 195 -
260 186 266 192 -
344 122 377 216 r.
396 143 741 217 ovinuursoius

52 296 53 301 κ
148 271 226 334 Quae
236 273 383 338 postquam
393 265 498 318 fmstra
507 269 791 336 tentata,rogumque
801 269 900 338 parari

88 350 139 404 520
148 338 253 403 Sensit,
264 343 291 391 et
301 352 415 390 arsuros
425 339 562 405 supremis
573 338 684 405 ignibus
694 341 788 402 artus3

147 411 220 460 Tum
231 424 298 462 vero
309 409 441 476 gemitus3
457 409 631 475 nequeenim
643 408 777 459 coelestia
786 409 859 478 tingi

147 480 207 531 Ora
217 479 284 530 licet
295 477 431 541 lacrimis3
447 477 505 528 alto
517 477 551 529 de
561 477 644 530 corde
654 479 757 545 petitos

147 548 256 600 Edidit:
268 547 343 599 baud
354 547 447 610 aliter,
458 562 540 615 quam
552 563 622 610 cum,
633 553 779 614 spectante
789 549 918 614 iuvenca,

148 618 291 670 Lactentis
300 617 395 682 rituli,
407 617 506 669 dextra
516 617 633 668 libratus
644 617 678 668 ab
690 632 766 680 aure,

89 688 138 743 625
149 690 290 756 Tempora
301 687 433 739 discussit
443 687 518 738 claro
529 701 596 738 cava
606 686 725 739 malleus
735 689 802 740 ictu.

148 757 186 810 vt
195 764 289 809 tamen
300 759 424 825 ingratos
433 758 462 807 in
473 763 587 824 pectora
599 755 671 808 fudit
681 758 795 810 odores:

148 829 187 882 Et
197 827 274 879 dedit
285 826 443 894 ampiexus,
452 828 609 894 iniustaque
620 829 694 878 iusta
704 826 823 896 peregit:

149 897 213 950 Non
224 897 329 948 tulitin
341 897 447 948 eineres
459 897 514 948 labi
525 912 576 949 sua
586 895 714 950 Phoebus
725 898 838 950 eosdem

150 966 277 1020 Semina:
293 966 341 1018 sed
353 971 448 1016 natum
459 965 578 1017 flammis
589 972 725 1036 uteroque
735 970 859 1035 parentis

89 1037 143 1092 630
149 1037 273 1104 Eripuit3
289 1037 447 1106 geminique
457 1035 524 1087 tulit
535 1035 662 1089 Chironis
673 1039 702 1089 in
713 1044 833 1090 antrum.

151 1105 371 1174 sperantemque
382 1106 435 1157 sibi
446 1120 502 1156 non
514 1106 603 1159 falsae
613 1110 738 1175 praemia
747 1108 861 1178 linguae

148 1177 227 1230 luter
238 1190 302 1227 aves
313 1177 391 1227 aibas
400 1176 490 1227 vetuit
501 1178 645 1230 considere
656 1194 779 1230 corvum.

186 1245 307 1299 sensifer
316 1247 425 1297 interea
436 1246 544 1298 divinae
555 1249 649 1313 stirpis
661 1248 774 1299 alumno

149 1315 255 1369 Laetus
267 1321 340 1385 erat3
356 1317 495 1383 mistoque
507 1319 585 1368 oneri
596 1315 734 1386 gaudebat
744 1316 860 1370 bonore.

91 1388 140 1445 635
149 1385 235 1438 Ecce!
251 1387 329 1437 venit
337 1385 430 1436 rutilis
442 1385 572 1437 humeros
583 1393 709 1453 protecta
720 1387 829 1454 capillis

149 1454 223 1508 Filia
235 1455 379 1507 Centauri:
396 1470 477 1523 quam
490 1455 628 1523 quondam
639 1455 769 1523 Nympha
780 1456 919 1522 Chariclo,

64 1552 66 1555 ·
149 1524 286 1576 Fluminis
297 1526 325 1576 in
336 1523 427 1592 rapidi
437 1526 505 1592 ripis
516 1527 611 1589 enixa,
620 1528 729 1576 vocavit

55 1610 57 1617 ’
149 1592 306 1661 Ocyrhoen.
328 1593 390 1646 Non
401 1593 470 1646 baec
480 1600 555 1647 artes
566 1600 698 1648 contenta
708 1600 839 1662 paternas

149 1663 302 1716 Edidieisse
314 1665 379 1714 fuit:
397 1663 519 1715 fatorum
531 1680 634 1716 arcana
644 1665 771 1718 canebat.

91 1733 140 1789 640
149 1735 224 1802 Ergo
236 1735 283 1785 ubi
295 1733 424 1784 fatidicos
436 1736 563 1800 concepit
573 1741 666 1788 mente
677 1735 797 1796 furores,

39 1843 48 1858 κ
148 1803 322 1870 Incaluitque
333 1802 409 1864 Deo,
426 1816 507 1870 quem
521 1804 646 1855 clausum
658 1811 772 1871 pectore
783 1804 919 1869 habebat3

148 1874 274 1942 Adspicit
283 1870 433 1932 infantem,
444 1872 566 1939 'lotique
577 1873 706 1925 salutifer
717 1877 777 1926 orbi

151 1945 251 1996 Cresce
261 1956 344 2010 puer,
355 1941 439 1992 dixit:
455 1940 505 1990 tibi
517 1956 547 1992 se
557 1943 689 1992 mortalia
700 1958 784 2010 saepe

151 2014 276 2081 Corpora
287 2009 438 2064 debebunt:
453 2010 561 2061 animas
572 2012 623 2061 tibi
634 2012 752 2065 reddere
764 2012 891 2064 ademtas

91 2076 141 2135 645
150 2083 205 2135 Fas
217 2084 282 2136 erit:
298 2081 382 2149 idque
393 2078 479 2131 semel
490 2080 541 2131 Dis
552 2080 761 2149 indignantibus
771 2097 865 2144 ausus,

150 2153 236 2204 Posse
247 2154 314 2205 dare
325 2151 378 2203 boc
388 2151 489 2201 iterum
501 2149 613 2221 flamma
623 2150 807 2218 prohibebere
819 2155 907 2203 avita:

150 2224 230 2289 Eque
240 2222 302 2274 Deo
314 2235 414 2289 corpus
425 2221 475 2272 fies
485 2235 638 2289 exsangue:
656 2222 798 2292 Donaque,

151 2293 206 2355 Qui
216 2292 300 2343 modo
312 2305 413 2358 corpus
424 2304 498 2342 eras:
515 2296 545 2343 et
554 2292 596 2342 bis
606 2297 656 2342 tua
666 2291 726 2343 iata
736 2292 858 2343 novabis.

151 2362 195 2412 Tu
206 2374 326 2429 quoque,
338 2376 402 2412 care
413 2366 507 2427 pater,
519 2375 574 2411 non
585 2362 640 2411 iam
651 2363 792 2424 mortalis,
804 2367 832 2412 et
843 2364 918 2412 aeris

92 2427 142 2485 650
152 2428 287 2482 Omnibus
298 2435 330 2480 ut
341 2446 468 2494 maneas,
479 2431 611 2482 nascendi
622 2431 686 2498 lege
696 2437 819 2491 creatus3

151 2500 238 2552 Posse
248 2500 320 2549 mori
331 2501 425 2566 cupies
436 2506 510 2562 tum,
521 2516 583 2552 cum
595 2501 753 2552 cruciabere
764 2501 841 2550 dirae

152 2568 293 2638 Sanguine
304 2571 454 2636 serpentis,
465 2583 515 2636 per
525 2571 621 2620 saucia
631 2571 754 2621 membra
764 2577 889 2636 recepto:

152 2641 249 2708 Teque
259 2651 295 2691 ex
306 2644 421 2691 aeterno
432 2642 586 2706 patientem
597 2641 712 2690 numina
721 2639 820 2690 mortis

141 2708 294 2764 Eliicientr
309 2706 492 2782 triplicesque
502 2708 580 2764 Deae
590 2713 640 2761 tua
650 2707 700 2761 flla
709 2708 859 2763 resolvent.
