1926 3016
152 172 673 229 maramoaraosnounra.
692 178 731 231 rr.
791 175 826 230 sr
869 140 875 147 ’

58 279 165 334 Retulit
175 283 208 332 ot
218 280 248 330 in
258 293 301 341 se,
312 278 497 347 propioraque
508 280 635 332 manibus
647 285 737 333 anna.

89 352 127 403 st
137 355 218 416 pater
229 347 535 415 omnipotensSuperos
546 354 674 414 testatus,
685 357 714 403 et
722 353 825 420 ipsum,

56 421 111 482 oni
122 419 239 471 dederat
250 434 360 481 currus,
371 418 424 468 nisi
435 433 516 486 opem
526 419 611 482 terat,
623 421 715 472 omnia
725 420 785 473 fato
834 428 884 482 505

55 491 210 542 lnteritura
219 491 310 556 grari3
326 503 462 539 summam
473 490 545 555 petit
555 489 660 540 arduus
669 504 774 543 arcem:

56 559 134 612 Vnde
145 559 221 610 solet
230 560 295 610 latis
305 559 392 611 nubes
403 559 537 610 inducere
548 560 644 610 terris:

53 629 137 682 Vnde
147 633 241 680 movet
251 630 383 692 tonitrus,
393 629 557 696 vibrataque
569 628 688 680 fulmina
697 628 791 683 iactat.

54 697 111 751 Sed
121 714 226 766 neque,
238 714 306 767 quas
317 703 413 764 posset
425 700 509 750 terris
520 698 664 762 inducere,
676 699 764 750 nubea

54 770 137 820 Tune
147 767 257 821 habuit:
274 785 338 830 neo,
349 785 418 836 quos
430 769 510 820 coelo
522 768 689 832 dimitteret,
699 769 810 821 imbres.
834 773 885 824 31·

54 839 182 892 lntonatr
198 843 227 890 et
237 839 337 890 dextra
347 839 481 889 libratum
491 837 598 890 fulmen
608 839 644 890 ab
655 853 723 891 aure

54 908 136 960 Misit
146 909 175 958 in
185 910 324 975 aurigam:
341 907 502 975 pariterque
513 909 659 978 animaque
668 910 794 976 rotisque

55 977 186 1045 Expulit,
196 981 226 1029 et
233 979 326 1028 'saevis
338 977 508 1043 compescuit
517 978 628 1045 ignibus
638 981 727 1047 ignes.

56 1048 281 1099 Consternantur
291 1047 367 1113 equi:
384 1051 412 1097 et
421 1045 495 1096 saltu
504 1049 533 1096 in
546 1050 688 1099 contraria
699 1047 776 1099 facto

57 1117 139 1169 Colla
148 1118 215 1183 iugo
227 1117 385 1177 excutiunt,
401 1115 575 1182 abruptaque
585 1116 648 1167 lora
656 1117 826 1184 relinquunt
837 1121 885 1173 315

55 1186 117 1238 lllic
127 1185 213 1238 frena
221 1187 329 1246 iacent,
340 1183 399 1233 illie
409 1188 521 1234 temone
533 1184 662 1234 revulsus

55 1257 135 1320 Axis3
153 1257 183 1305 in
194 1253 247 1306 hac
256 1254 328 1305 radii
339 1253 493 1304 tracturum
503 1257 584 1318 parte
594 1257 734 1303 rotarum:

57 1324 297 1394 Sparsaquesunt
307 1322 364 1374 late
375 1322 462 1373 laceri
472 1323 589 1389 vestigia
600 1336 708 1373 currus.

56 1397 91 1447 At
101 1391 263 1455 Phaethon,
274 1392 374 1442 rutilos
385 1391 499 1443 flamma
509 1391 661 1458 populante
672 1391 796 1460 capillos,

55 1463 187 1517 Volvitur
197 1463 226 1513 in
236 1472 379 1529 praeceps,
390 1461 529 1530 longoque
540 1477 590 1528 per
601 1465 667 1514 adra
676 1468 770 1515 tractu
836 1469 886 1519 32·

55 1534 175 1597 Fertur3
189 1538 223 1583 ut
231 1533 373 1585 interdum
385 1533 419 1584 de
431 1532 510 1584 ooelo
521 1532 606 1584 stella
616 1546 724 1597 sereno,
744 1545 747 1549 ·

54 1606 118 1658 Etsi
128 1618 186 1660 non
198 1603 310 1665 cecidit,
320 1604 414 1670 potuit
423 1602 555 1654 cecidisse
565 1602 662 1654 videri.

56 1677 147 1738 Quem
158 1673 258 1740 procul
267 1688 284 1723 a
294 1674 388 1739 patria
398 1673 506 1724 diverso
518 1674 656 1734 maximus
666 1673 734 1725 orbo

56 1745 170 1809 Excipit
179 1742 330 1793 Eridanus:
348 1743 559 1809 spumantiaque
570 1742 660 1793 abluit
671 1757 728 1794 ora.

91 1812 197 1866 Naides
208 1812 362 1878 Hesperiae
372 1813 467 1864 tritida
475 1811 613 1862 fumantia
622 1811 734 1864 ssamma
837 1816 885 1867 325

58 1883 185 1950 Corpora
195 1880 263 1932 dant
273 1881 396 1933 tumulo:
410 1883 576 1950 signentque
587 1879 641 1934 hoo
652 1883 773 1932 carmine

477 1966 589 2002 saxum:

59 2020 115 2074 llic
126 2020 197 2072 uitreo
208 2028 249 2073 est
259 2019 405 2074 Phaethon
411 2059 419 2084 ,
430 2036 528 2073 currus
538 2019 641 2088 auriga
650 2017 779 2086 paterni:

61 2090 147 2154 Quem
158 2090 244 2160 moon
254 2090 358 2154 tenuit,
369 2091 476 2160 mugnis
487 2098 579 2142 tamen
590 2087 692 2139 excidit
702 2086 787 2140 ouria.

60 2161 131 2213 ,Nam
142 2167 224 2228 pater
234 2161 383 2224 obductos,
394 2156 656 2210 luotu'miserabilis
667 2172 761 2226 aegro,

59 2231 231 2283 Condiderat
240 2231 347 2283 vultusx
364 2236 394 2283 et
403 2230 426 2279 si
436 2228 519 2279 modo
529 2227 777 2291 credimus‚unum
838 2235 887 2285 330

56 2301 200 2354 insaniem
211 2303 271 2353 sine
281 2299 346 2353 Sole
358 2300 461 2352 ferunt.
483 2298 614 2349 lnoendia
624 2297 715 2351 lumen

56 2370 249 2435 Praebebunt3
265 2370 420 2438 aliquisque
430 2368 505 2419 malo
518 2367 572 2420 fuit
582 2384 648 2420 usus
658 2370 687 2420 in
697 2370 756 2422 illo.

56 2443 95 2495 At
106 2441 242 2508 Clymene
252 2445 399 2508 postquam
411 2438 494 2501 dixit,
505 2432 686 2509 quaecunque
698 2440 813 2492 fuerunt

56 2511 90 2564 ln
101 2511 188 2562 tantis
198 2510 317 2562 dicenda
326 2509 421 2572 malis3
437 2507 562 2577 lugubris
574 2515 603 2560 et
612 2525 716 2575 amens,

57 2581 97 2634 Et
107 2581 215 2632 laniata
226 2581 303 2630 sinuo
313 2583 404 2630 totum
414 2580 574 2645 percensuit
584 2579 693 2643 orbem3
836 2581 884 2632 335

58 2650 266 2719 Exanimesque
277 2654 355 2700 artus
365 2650 468 2716 primo,
480 2661 543 2698 mox
555 2661 618 2698 ossa
627 2649 782 2716 requirens,

58 2720 177 2789 Repetit
186 2732 252 2774 ossa
260 2722 368 2772 marene
380 2717 534 2792 peregrina
544 2715 744 2792 conditaripa.
