1926 3016
132 120 186 176 ³04
222 137 229 144 ·
316 116 346 170 Ρ.
366 115 508 170 ovum
526 115 717 171 Nasonis

132 225 263 293 Dumque
272 235 382 284 moror,
391 221 533 289 mirorque
542 219 641 341 simpl,
651 219 726 290 fugit
736 235 768 275 or

546 305 585 341 un
606 305 649 342 os·

132 362 229 418 iurbo
242 375 320 414 suns:
335 360 535 428 dominumque
549 373 667 424 novum,
681 359 768 415 littus

547 427 686 497 linquunt.

73 503 123 574 pio
132 500 284 569 Obstupui:
298 500 455 568 dubiosque
465 499 526 562 diu,
536 513 608 567 quas
617 515 732 564 caussa,
742 516 768 554 rc

132 573 205 627 Nom
215 572 292 627 Deus
301 569 357 623 hoc
364 569 477 638 aliquis,
486 576 664 634 numsuccns
675 569 768 624 feceri

132 644 212 709 Quas
226 645 321 696 onon
334 638 397 704 has,
413 641 541 708 inquam,
555 640 630 693 vires
644 638 768 694 hausen

547 723 690 779 manuque

131 782 239 839 Pobuio
248 779 386 847 decerpsi,
396 778 584 849 decerptaque
594 779 679 834 dente
688 795 767 836 mom

131 856 188 909 Vix
196 852 268 905 bene
278 850 470 903 combiberant
479 851 592 919 ignotos
601 856 720 919 guttura
727 861 768 906 sni

70 924 121 1000 945
131 926 201 977 cnm
210 923 303 975 subito
312 919 455 988 trepidare
464 921 541 973 intus
551 921 721 988 praecordio
729 937 768 978 oo

131 994 309 1060 Alteriusque
319 989 381 1056 rapi
390 993 510 1044 naturae
519 995 614 1058 pectus
624 995 736 1047 amoro.

130 1063 192 1118 Nec
200 1062 281 1131 potui
290 1063 399 1112 restore
409 1059 486 1111 loco=
501 1060 722 1131 Repetendoqnc
731 1077 768 1117 nu

130 1129 322 1196 Teutonum,
332 1128 403 1181 dixi:
420 1142 576 1198 corpusque
586 1130 639 1183 sub
649 1134 768 1201 aequore

131 1203 171 1257 Di
181 1202 267 1256 maris
276 1203 424 1266 exceptum
435 1201 510 1252 socio
521 1199 673 1268 dignantur
683 1199 768 1259 honor

72 1277 122 1347 950
131 1275 226 1344 thuc
236 1269 303 1324 mihi
314 1284 497 1339 quaecunque
508 1268 768 1335 immmortalis<

132 1344 283 1405 Oceanum,
293 1337 462 1408 Tethynque
471 1344 580 1408 rogant
595 1341 656 1409 Ego
666 1340 768 1396 lustror

130 1415 169 1466 Et
178 1415 317 1480 purgante
327 1409 408 1463 nefor
416 1410 512 1462 novies
521 1407 590 1461 mihi
600 1412 728 1466 carmine
737 1413 766 1468 oi

131 1478 420 1535 Pectornfluminibus
429 1480 530 1533 iubeor
540 1494 698 1548 supponere
708 1487 768 1537 com

130 1551 189 1605 Nec
199 1563 291 1602 moros
308 1547 425 1600 diversis
435 1548 506 1616 lapsi
516 1549 551 1604 de
561 1549 687 1604 fontibus
697 1566 768 1606 omn«

73 1623 123 1691 955
133 1622 262 1688 Totaque
271 1621 420 1671 vertuntur
430 1633 516 1686 supro
526 1625 609 1688 caput
618 1635 768 1691 aequoran

131 1690 278 1741 Hactenus
288 1693 352 1739 octa
362 1687 413 1739 tibi
424 1703 537 1757 possum
547 1693 768 1748 memorandam

133 1760 277 1812 Hactenus
288 1761 317 1810 et
326 1761 452 1810 memini:
462 1775 515 1813 nec
525 1776 603 1813 mens
613 1776 677 1815 mea
686 1768 767 1819 caete

132 1833 211 1895 Quae
221 1834 371 1899 postquam
381 1830 479 1895 rediit3
494 1830 581 1883 alium
592 1847 636 1885 me
648 1848 768 1902 corpore

132 1901 290 1955 defueram
299 1915 404 1970 nuper,
413 1917 465 1954 nco
476 1902 595 1955 cundem
605 1909 715 1968 mento,
725 1920 768 1958 rec

71 1978 122 2045 960
133 1973 215 2026 Hanc
225 1985 278 2041 ego
288 1975 349 2024 tum
360 1972 480 2040 primum
490 1973 609 2025 viridem
619 1971 765 2043 ferrugine

134 2044 347 2111 caesariemque
361 2057 466 2106 meam,
480 2057 564 2111 quam
578 2043 663 2112 longa
675 2059 730 2113 per
744 2060 768 2099 ot

549 2128 639 2176 verro,

132 2183 319 2250 ingentesque
328 2180 474 2245 humeros,
488 2185 518 2234 et
527 2183 641 2235 caerula
649 2183 768 2238 brachia

132 2253 277 2320 Cruraque
287 2252 432 2319 pinnigero
443 2260 559 2304 curvata
568 2255 720 2306 novissima
730 2257 768 2323 pis

132 2321 304 2382 Quidtamen
311 2318 569 2391 haecspecics,quid
575 2323 626 2375 Dis
632 2324 768 2391 placuisse

73 2390 122 2457 965
134 2391 207 2452 Quid
217 2394 295 2443 iuvat
305 2406 365 2444 esse
375 2391 481 2456 Deum,
492 2394 515 2444 si
526 2398 557 2444 tu
568 2409 624 2445 non
634 2396 760 2461 tangeris

133 2458 215 2510 'i'alia
228 2461 379 2523 dicentem,
390 2462 529 2514 dicturum
540 2463 636 2529 pluro,
646 2465 763 2535 reliquit

133 2527 230 2594 Scylla
243 2530 342 2583 Deum.
362 2532 515 2596 Fontine,
526 2535 710 2602 imitatusque
720 2550 768 2605 rep

134 2596 298 2667 Prodigiosa
307 2603 378 2669 petit
388 2603 535 2655 Titanidos
546 2605 620 2655 atrio
631 2605 734 2658 Circes.

434 2717 591 2728 ...ι-ηιμ·-
