1926 3016
59 130 425 190 {TAMORPHOSEON
441 134 523 190 uia.
541 134 624 192 XIV.
648 133 701 190 ³19

61 235 157 289 felices
168 238 225 289 sint
233 236 277 289 illi
286 252 369 306 saepe
378 239 479 304 vocati,
708 241 759 297 480

60 308 178 358 mmuuis
189 305 287 370 hiems,
296 309 526 377 importunusque
538 307 699 377 Caphereus

60 377 139 442 quis:
156 375 313 444 vellemque
324 376 424 431 horum
433 392 498 445 pars
509 394 564 431 una
573 378 697 433 fuissem.

60 460 104 497 am
114 447 188 513 passi
199 450 314 499 comites
324 447 455 515 belloque
466 446 604 516 fretoque,

60 519 89 578 lt,
99 516 237 583 finemque
248 522 351 584 rogant
361 518 475 569 erroris.
494 518 531 569 lli
539 519 644 569 Acmon

60 586 207 652 singenio,
218 590 278 636 tum
287 601 354 639 vero
365 586 530 639 cicladibus
540 602 630 654 asper,
709 585 759 644 485

60 661 159 720 peresi,
171 654 245 722 quod
255 655 311 706 iarn
321 657 459 723 patientia
467 661 562 708 vestra
570 661 682 710 recuset

59 721 111 775 irii
121 724 198 775 dixin
209 722 283 787 Quid
289 722 374 777 habet
380 722 530 792 cytherea,
536 725 700 793 quodultra,

60 799 109 857 ita,
120 791 223 845 saciati
238 808 302 846 nam
313 793 379 844 dum
390 795 488 861 peiora
497 796 641 860 timentur,

60 863 198 915 ›tolocust
214 877 277 914 sors
287 867 382 918 autem
392 863 440 915 ubi
450 866 572 931 pessime
581 880 685 930 rerum,

60 935 116 1001 ibus
126 935 211 985 timor
222 937 273 996 est,·
283 947 437 1002 securaque
442 948 549 988 summa
554 934 701 988 malorum.
711 934 760 1006 490

60 1019 123 1070 psa,
133 1003 215 1066 licet3
228 1001 308 1066 licet,
319 1006 352 1055 ut
359 1002 441 1067 facit3
452 1003 544 1057 oderit
555 1019 651 1057 omnes

61 1074 142 1126 mede
152 1074 241 1136 viros3
256 1072 455 1125 odiumtamen
465 1073 542 1125 illius
553 1090 651 1127 omncs

62 1158 108 1207 us,
119 1148 147 1196 et
156 1156 258 1210 magno
269 1146 326 1193 stat
336 1156 438 1211 magna
446 1145 574 1210 potentia
584 1145 672 1196 nobis.

61 1215 174 1264 invitum
184 1213 324 1266 Venerem
334 1210 501 1264 Pleuronius
510 1215 615 1265 Acmon

61 1288 94 1336 at
103 1283 208 1335 verbis:
225 1286 405 1349 veteremque
416 1284 566 1334 resuscitat
576 1284 654 1336 iram.
709 1281 759 1350 495
825 1334 834 1351 ,

61 1358 138 1406 aoent
150 1351 254 1419 paucis.
273 1350 390 1403 Numeri
399 1353 515 1404 maioris
526 1353 607 1404 amici

66 1423 243 1490 corripimus:
260 1421 305 1472 cui
314 1421 485 1490 respondere
496 1423 606 1489 paranti

61 1496 127 1556 iter,
137 1492 268 1559 vocisque
278 1491 512 1544 viaesttenuate:
529 1505 680 1563 comaeque

61 1578 86 1614 rs
96 1562 211 1614 abeunt:
227 1561 328 1628 plumis
338 1576 411 1614 nova
420 1561 494 1615 oolla
503 1567 646 1632 teguntur,

61 1648 121 1700 que,
132 1638 293 1699 ettergum=
310 1632 432 1686 maiores
442 1631 557 1686 brechia
565 1647 671 1701 pennas
711 1631 759 1683 500

61 1709 92 1766 rt,
104 1703 244 1770 cubitique
253 1701 329 1754 leves
340 1703 488 1756 sinuantur
498 1705 527 1755 io
538 1703 605 1757 alas.

61 1773 150 1824 nedum
161 1772 338 1843 digitospars
349 1778 476 1840 occupat:
494 1788 599 1842 oraque
610 1786 698 1825 cornu

61 1859 69 1893 ι
78 1844 183 1910 rigent,
194 1841 333 1909 finemque
343 1844 371 1893 in
382 1843 509 1895 scunrine
519 1848 636 1908 ponunt.

61 1912 283 1976 conmunione,
294 1916 323 1964 et
328 1909 557 1964 cumRhetenore
562 1910 696 1979 Nycteus,

61 1983 168 2034 irantur
176 1983 261 2037 Abas:
277 1984 307 2034 et
317 1980 382 2033 dum
393 1981 546 2044 mirantur,
556 1980 674 2034 eandem
710 1977 760 2034 505

61 2059 81 2104 nt
90 2051 202 2106 faciem:
219 2065 407 2118 numerusque
417 2064 452 2103 ex
461 2052 572 2118 agmine
583 2051 675 2103 maior

62 2128 81 2186 t,
93 2129 122 2175 et
131 2137 224 2175 remos
233 2121 340 2189 plausis
351 2121 536 2174 circumsonat
546 2120 607 2174 alis.

62 2208 121 2244 rum
131 2207 203 2261 quae
214 2194 251 2243 sit
261 2191 417 2243 subitarum
428 2189 520 2242 forma
529 2189 663 2259 requiris3
687 2253 688 2257 Ἰ

62 2278 216 2331 ygnorum,
227 2263 266 2314 sic
276 2262 346 2315 albis
356 2260 482 2329 proxima
493 2263 598 2331 cygnis.

62 2333 130 2384 idem
141 2330 191 2383 has
203 2332 297 2395 sedes,
309 2335 337 2384 ei
346 2331 460 2399 Iapygis
470 2331 550 2382 arida
561 2328 655 2382 Dauni
712 2331 762 2385 510

62 2418 105 2455 rer
115 2406 212 2465 teneo,
223 2403 337 2454 minima
347 2405 500 2467 camparte
512 2414 647 2453 meorum.

64 2488 116 2524 nus
128 2472 256 2525 Oenides.
274 2471 400 2525 Venulus
412 2470 565 2538 Calydonia
575 2483 672 2539 regna,

62 2558 140 2611 isque
151 2544 240 2605 sinus,
251 2542 446 2610 Messapiaque
455 2556 522 2593 arva
533 2539 675 2608 relinquit„

62 2629 80 2664 ‚s
90 2618 173 2664 antra
181 2612 269 2676 videt,
280 2627 351 2682 quae
357 2648 366 2676 ,
376 2611 466 2663 multa
475 2611 572 2664 nubila
580 2609 659 2672 silve,

62 2699 90 2736 as
101 2683 190 2753 guttis
199 2685 356 2749 manentia,
366 2682 521 2751 semicaper
530 2680 590 2736 Pon
714 2673 763 2729 5²5
