1926 3016
253 537 290 603 r.
315 534 493 602 ov1u11
517 526 744 603 nnsonns

111 663 869 763 METAMORPHOSEON

192 837 343 911 ¹urens
364 826 560 892 necinus
583 832 790 903 qunrvs.

414 960 585 982 ---'—ffi

116 1046 284 1147 Quaeritur
294 1079 404 1131 interea
410 1113 419 1141 ‚
428 1078 475 1145 qui
484 1083 581 1131 tantae
592 1076 718 1145 pondera
728 1078 812 1131 molis

114 1150 270 1213 Sustineat,
280 1154 416 1216 tantoque
427 1154 513 1217 queat
522 1148 676 1202 succedere
685 1149 755 1217 regi.

113 1218 245 1274 Destinat
255 1221 372 1285 imperio
383 1219 490 1270 clarum
503 1221 671 1283 praenuntia
681 1221 742 1269 reri

113 1291 202 1344 Fama
211 1290 341 1347 Numam.
352 1287 415 1340 Non
424 1288 474 1338 ille
483 1288 552 1339 satis
559 1294 695 1354 cognosse
700 1282 821 1340 Sabinae

88 1361 103 1414 5
115 1361 215 1413 Gentis
225 1359 310 1411 habet
320 1359 404 1409 ritus:
416 1360 513 1424 xanimo
524 1358 631 1409 maiore
640 1359 739 1424 capaci

115 1432 255 1497 Concipit,
266 1435 295 1481 et
306 1444 378 1496 quae
388 1429 426 1480 sit
436 1429 529 1480 rerum
540 1433 642 1501 natura
651 1428 783 1496 requirit.

115 1499 208 1551 Huius
218 1513 297 1551 amor
308 1513 400 1560 curae,
411 1499 504 1564 patria
522 1499 696 1564 Curibusque
705 1497 821 1561 relictis,

114 1570 207 1632 Fecit,
218 1573 251 1618 ut
262 1566 393 1618 Herculei
404 1573 568 1633 penetraret
577 1568 613 1618 ad
623 1566 744 1635 hospitis
754 1568 855 1620 urbem

116 1638 202 1690 Graia
212 1639 273 1705 quis
285 1635 390 1688 italicis
402 1643 501 1688 auctor
510 1639 648 1703 posuisset
657 1638 687 1688 in
698 1638 756 1689 oris

74 1727 105 1761 ιο
115 1710 229 1760 Moenia
239 1708 397 1774 quaerenti,
408 1709 449 1758 sic
460 1724 475 1758 e
485 1709 641 1760 senioribus
651 1723 725 1760 sunus

114 1777 222 1831 Retulit
231 1777 382 1844 indigenis,
392 1781 496 1829 veteris
509 1792 563 1828 non
573 1780 676 1830 inscius
687 1780 765 1830 aeria

114 1850 200 1902 Dives
212 1849 246 1899 ab
258 1849 370 1898 Oceano
381 1848 471 1898 bubus
482 1850 546 1900 love
558 1855 639 1900 uatus
649 1851 738 1901 iberis

114 1919 228 1971 Littora
238 1918 311 1969 felici
323 1919 446 1970 tenuisse
457 1918 572 1970 Lacinia
582 1935 666 1970 eursu

115 1989 231 2052 Fertur,
243 1994 283 2049 et,
295 1995 423 2039 armento
434 1995 545 2039 teneras
556 1995 667 2040 errante
679 2004 730 2054 per
740 1986 846 2044 herbas,

75 2060 105 2112 15
116 2060 178 2124 lpse
190 2060 301 2109 domum
314 2060 406 2123 magni
419 2073 469 2108 nec
479 2057 619 2124 inhospita
629 2063 706 2109 tecta
717 2059 844 2108 Crotonis

115 2128 251 2194 latrasse,
263 2133 292 2177 et
302 2129 399 2193 requie
411 2126 524 2193 longum
535 2129 673 2179 relevasse
684 2128 826 2189 laborem,

115 2200 205 2264 Atque
215 2200 255 2248 ita
266 2197 423 2257 discedens,
434 2198 523 2258 Acro,
534 2197 651 2256 dixisse,
663 2203 798 2263 nepotum

115 2266 170 2318 llic
180 2267 257 2319 locus
268 2267 345 2316 urbis
357 2267 423 2329 erit3
439 2268 628 2334 promissaque
639 2282 705 2318 vera
717 2266 836 2318 fuerunt.

115 2335 187 2387 Nam
200 2336 254 2386 suit
264 2335 393 2402 Argolico
405 2343 554 2402 generatus
564 2337 700 2387 Alemone
711 2337 824 2404 quidam

73 2423 105 2457 ao
115 2405 270 2472 Myscelus,
286 2406 361 2455 illius
372 2406 423 2456 Dis
435 2409 643 2473 acceptissimus
655 2407 724 2457 uerri.

116 2475 199 2526 Hunc
210 2490 294 2540 super
305 2477 466 2526 incumbens
478 2491 602 2541 pressum
614 2476 752 2543 gravitate
763 2472 865 2541 soporis

118 2544 246 2611 Clariger
258 2544 422 2611 alloquitur:
439 2545 561 2608 Patrius,
572 2562 637 2612 age,
649 2546 748 2598 desere
757 2545 847 2597 sedes:

117 2613 142 2675 1,
155 2620 218 2680 pete
229 2615 330 2663 diversi
342 2613 481 2680 lapidosas
491 2617 602 2667 Aesaris
614 2615 711 2665 undas.

116 2683 168 2750 Et,
178 2684 231 2734 nisi
242 2685 382 2753 paruerit,
393 2684 483 2736 multa
493 2700 525 2738 ac
536 2685 688 2738 metuenda
697 2685 828 2737 minatur.
