1926 3016
129 126 546 183 METAMORPHOSEON
562 130 643 182 LlB.
664 132 733 185 Xll.
763 131 815 187 273

56 232 128 297 Quid
137 232 267 299 geminae
276 229 366 283 vireat
380 231 460 298 quid,
469 233 543 300 quud
553 231 705 288 fortissima
714 250 808 289 rerum

54 308 84 357 lu
93 302 176 355 nobis
184 301 289 370 duplex
297 306 399 352 natura
409 302 540 353 animalia
549 301 657 355 iunxit?

55 372 110 425 Nee
120 386 173 422 nus
183 376 272 423 matre
282 370 356 434 Dea,
366 385 477 422 neonus
487 372 584 423 Ixione
595 376 676 422 natos

54 444 121 494 iisse
131 454 213 505 τεοῖς
228 440 274 509 qui
284 444 379 491 tantus
390 445 464 504 erat,
475 441 588 491 lunonis
598 445 630 491 ut
639 442 714 495 altae
827 441 876 497 505

55 526 138 577 ¹spem
150 514 276 576 caperet:
292 524 345 561 nos
354 511 493 561 semimari
503 525 668 577 superamur
678 513 712 564 ab
723 510 812 571 husie.

54 580 299 647 naxa,trabesque
309 585 543 648 super‚tetoeque
552 580 685 633 involvite
695 587 816 647 montes:

56 649 240 714 vivacemque
250 649 368 701 animam
379 650 471 701 missis
481 650 577 703 elidite
586 650 670 702 silvis.

56 718 131 769 lilva
141 716 367 783 premstfauces:
384 724 413 770 et
423 719 661 785 eritprovuluere
671 718 787 788 pondus.

55 788 149 839 Dixit:
163 791 193 838 et
201 787 291 837 insani
302 787 437 838 deiectam
448 789 552 847 viribus
561 790 657 842 Austri
829 789 878 840 510

57 857 142 908 Forte
152 856 262 908 trabem
271 862 383 919 nactus,
393 856 516 909 validum
527 859 646 910 coniecit
654 859 684 909 in
693 857 811 909 hostem.

54 924 278 994 Exemplumque
288 925 352 976 fuit:
369 940 510 994 parvoque
520 928 548 977 in
559 931 685 994 tempore
695 926 786 977 nudus

59 996 170 1047 lrbom
182 993 288 1062 Othrys
299 1000 371 1055 erat:
388 1010 439 1047 nee
448 995 568 1049 habebat
578 996 676 1049 Pelion
686 997 806 1047 umbras.

58 1065 182 1117 Obrutus
191 1064 304 1115 immani
314 1063 438 1128 cumulo,
449 1066 500 1116 sub
511 1065 633 1132 pondere
645 1067 770 1119 Caeneus

58 1136 174 1186 Aestuat
183 1132 316 1195 arborem
332 1138 519 1200 congestaque
528 1135 631 1185 robora
641 1134 718 1185 duris
829 1129 879 1181 515

59 1202 126 1255 Fert
137 1200 270 1254 humenis.
291 1199 347 1253 Sed
362 1203 435 1254 euim
449 1208 596 1270 postquam
610 1217 692 1269 super
708 1214 763 1270 ona
772 1215 814 1252 ea·

490 1276 523 1323 ut
541 1284 577 1322 ue

59 1285 819 1406 crevitunuqnequehabet,qudsdlicutspiritusauras,

59 1409 162 1462 Deficit
170 1409 324 1461 interdum:
339 1407 422 1461 modu
433 1423 463 1459 se
473 1422 557 1475 super
568 1410 634 1461 aera
644 1407 749 1461 frustra

61 1478 173 1531 follere
184 1483 316 1542 conatur,
326 1478 469 1545 iactasque
481 1478 607 1533 multare
616 1478 714 1542 silvam

56 1546 257 1616 Interdumque
266 1552 372 1607 movet:
389 1547 483 1611 veluti,
495 1558 577 1616 quam
587 1550 734 1611 cernimus,
744 1544 820 1600 eece!
831 1543 880 1597 52c

58 1616 154 1669 Ardua
162 1617 187 1668 si
197 1622 290 1669 terrae
301 1618 443 1684 quatiatur
452 1619 572 1670 motibus
582 1619 639 1670 lde.

59 1687 158 1741 Exitus
167 1686 197 1737 iu
209 1685 292 1741 dubio
303 1691 357 1739 est:
373 1686 421 1738 alii
431 1687 483 1738 sub
493 1687 586 1740 inania
595 1703 695 1754 corpus
726 1704 729 1709 ·

59 1759 181 1809 Tartara
190 1756 334 1808 detrusum
344 1756 475 1809 silvarum
486 1757 560 1810 mole
570 1757 705 1810 ferebant.

59 1825 164 1878 ,lbnuit
172 1825 350 1892 Ampycidess
365 1826 512 1894 medioque
522 1841 557 1880 ex
566 1840 668 1894 aggere
679 1825 761 1878 fulvis

58 1894 139 1949 Vidit
148 1909 227 1947 avem
239 1896 336 1961 pennis
346 1894 467 1963 liquidas
477 1897 554 1948 exire
564 1897 614 1947 sub
626 1908 725 1957 auras,
832 1890 879 1944 525

60 1964 139 2029 Quae
153 1961 223 2015 mihi
237 1969 304 2017 tune
318 1966 451 2034 primum,
467 1969 534 2015 tune
547 1970 590 2016 est
604 1970 753 2029 conspeetu
768 1977 812 2013 su-

477 2048 611 2100 premunt.

63 2102 143 2154 ilaue
152 2101 200 2153 ubi
211 2101 378 2155 lustrantem
388 2102 445 2155 leni
456 2118 506 2155 sua
516 2106 608 2155 eastre
617 2101 713 2153 volatu

59 2172 188 2238 llupsus,
199 2177 228 2224 et
237 2173 345 2240 ingenti
355 2173 458 2224 circum
469 2172 599 2240 clangore
608 2176 754 2224 sonantem

60 2240 206 2308 suspexit,
216 2245 374 2310 pariterque
386 2242 474 2294 oculis
485 2243 632 2309 animoque
642 2246 768 2303 secutum

61 2310 84 2361 ⁴)
94 2308 281 2376 salve,dixit,
291 2309 461 2378 Lapithaeae
471 2310 563 2379 gloria
572 2310 672 2378 gentis,
833 2307 883 2361 530

60 2379 185 2431 Maxime
195 2380 238 2430 vir
248 2382 395 2448 quondam,
405 2381 455 2432 sed
465 2397 538 2432 nune
546 2380 825 2443 avisunieacseneu.

62 2448 178 2501 Credita
188 2464 233 2503 res
244 2457 360 2503 auctore
370 2464 421 2501 suo
432 2455 483 2503 est.
503 2450 593 2503 Dolor
603 2449 708 2502 addidit
718 2451 801 2501 name

61 2514 821 2589 oppressumqueaegretuunustotabhostimsunum=

62 2587 120 2639 ,lec
131 2588 208 2655 prius
219 2590 377 2643 abstitimus
388 2589 492 2641 senum
503 2603 635 2642 exercere
645 2603 758 2652 eruum

61 2660 154 2779 ‘tubam
164 2656 235 2781 'lull
241 2674 306 2729 pure
314 2660 381 2725 leto,
391 2665 500 2727 partem
510 2658 577 2728 fuge
587 2674 698 2783 nosque
707 2657 823 2711 diremit
835 2654 883 2710 555

127 2741 153 2780 v·
191 2765 198 2780 .
236 2765 243 2782 ι
345 2750 348 2755 ,
743 2748 745 2753 .
