1926 3016
167 141 204 200 30
360 141 392 201 Ρ.
410 142 551 197 ovibu
568 141 749 199 NASONIS

166 250 221 314 Qui
233 247 294 301 fera
302 247 423 300 terribili
433 247 573 300 iaculatur
583 248 702 301 fulmina
711 249 820 314 dextra,

165 320 227 372 Non
238 315 366 386 agathos
377 332 487 369 currus:
499 324 528 370 et
538 319 673 386 quidlore
684 322 774 370 maius
781 317 913 372 babemus

164 390 259 444 Ardua
269 390 357 455 prima
368 389 412 439 ria
422 393 478 451 est;
495 393 524 439 et
534 403 588 456 qua
598 390 644 439 vix
655 404 735 440 mane
746 395 872 442 recentes

164 461 314 512 Enitantur
324 457 399 525 equi:
416 457 508 509 medio
519 464 562 509 est
572 458 709 509 altissima
721 458 814 523 eoelo;

42 546 46 562 ⁴
122 528 156 583 65
165 528 245 580 Vnde
256 543 333 579 mare
343 533 372 580 et
381 532 491 578 terraer
511 529 534 576 si
545 526 611 577 mihi
623 543 706 595 saepe
715 529 810 581 videre

77 590 80 599 '
166 597 213 650 Fit
224 600 320 661 timor,
332 603 361 649 et
371 542 603 665 paviddopidat
613 597 762 650 formidine
771 603 877 665 pactus.

165 667 271 720 Vltima
280 682 369 733 prona
378 668 422 718 via
433 670 489 733 est3
503 671 533 718 et
543 672 607 733 eget
617 667 806 720 moderamine
817 673 901 720 certo.

166 738 246 789 Tunc
256 740 352 800 etiam,
363 752 435 804 quae
445 751 490 788 me
499 735 630 787 subiectis
641 739 743 804 excipit
753 739 846 799 undis,

165 806 208 860 Ne
219 806 295 858 ferar
304 807 333 856 in
343 820 487 873 praeceps,
499 803 606 872 Tethys
615 806 688 858 solet
697 809 705 856 i
709 822 758 873 psa
768 809 867 858 vereri.

125 895 158 951 7⁰
167 877 257 938 Adde,
268 875 342 943 quod
353 875 466 926 assidua
476 877 586 942 rapitur
596 877 729 944 vertigine
741 877 864 940 coelun13
952 911 954 915 -

168 945 321 1014 Sideraque
331 945 390 996 alta
399 944 495 1007 trabit,
506 945 646 1014 celerique
655 946 795 998 volumine
807 952 929 1014 torquet.

166 1015 250 1068 Nitor
260 1016 288 1066 in
299 1015 459 1066 adversum:
475 1029 527 1066 nec
538 1029 595 1078 me,
607 1017 654 1084 qui
664 1020 788 1079 caetera,
798 1017 884 1067 uincit

165 1085 304 1152 Impetus3
320 1089 350 1136 et
358 1084 457 1153 rapido
469 1087 626 1136 contrarius
637 1085 740 1138 evehor
750 1087 818 1138 orbi.

119 1159 125 1179 ·
166 1155 254 1222 Finge
265 1155 346 1206 datos
358 1169 465 1207 currus.
486 1154 561 1218 Quid
572 1155 657 1224 ogast
671 1157 812 1223 poterisne
823 1157 921 1207 rotatis

125 1226 158 1296 75
167 1225 270 1276 Obvius
281 1227 322 1277 ire
333 1225 418 1291 polis,
428 1239 463 1275 ne
474 1229 503 1275 te
513 1226 583 1275 citus
593 1225 704 1277 auferat
713 1225 791 1276 arist

163 1296 296 1348 'Forsitan
308 1300 337 1346 et
345 1295 422 1346 lucos
433 1294 637 1362 illlcurbesque
647 1296 808 1362 domosque,
897 1293 905 1308 ⁹

167 1363 311 1430 Concipias
322 1365 427 1425 animo,
437 1363 609 1430 delubraque
619 1365 688 1417 ditia
697 1366 778 1416 donis

166 1433 244 1485 Esse.
264 1432 318 1484 Per
327 1433 443 1483 insidias
452 1432 508 1482 iter
519 1436 573 1493 est,
585 1431 745 1499 formasque
757 1433 888 1484 ferarum.

165 1500 257 1568 thue
267 1503 340 1551 viam
351 1506 460 1563 teneas,
470 1499 604 1566 nulloque
616 1515 712 1552 errore
723 1500 859 1566 traharis3

72 1623 76 1632 ,
123 1575 157 1628 80
166 1568 221 1622 P-er
230 1576 324 1621 tamen
334 1570 443 1623 adversi
454 1569 591 1637 gradieris
601 1585 706 1622 cornua
717 1573 812 1633 Tauri,

166 1640 393 1709 Haemoniosque
403 1653 498 1702 arcus,
508 1639 679 1707 violentique
690 1655 740 1692 ora
751 1639 863 1704 Leonis,

167 1707 311 1777 Saevaque
322 1710 440 1760 circuitu
452 1714 612 1760 curvantem
623 1708 737 1762 brachia
747 1710 830 1778 longo
930 1743 932 1746 -

167 1777 928 1846 Scorpion,atquealitercurvantembrachiaCancrum.

167 1848 225 1901 Nec
232 1850 284 1900 tibi
295 1848 488 1917 qqadrupedes
499 1849 639 1899 animosos
649 1851 758 1916 ignibus
767 1850 832 1913 illis,

123 1920 157 1974 85
167 1918 244 1980 Quos
253 1919 283 1970 in
293 1924 404 1984 pectore
415 1916 526 1979 babent,
536 1932 606 1984 quos
617 1920 819 1970 oreetnaribus
826 1918 929 1984 etllaot,

165 1989 198 2042 ln
208 1994 320 2055 promtu
330 2002 429 2055 regere
438 1992 489 2040 est.
511 1987 567 2039 Vix
576 2003 620 2039 me
631 1989 788 2054 patiuntur,
799 1995 831 2039 ut
842 2004 919 2040 acres

165 2059 312 2112 incaluere
322 2059 420 2122 animi3
437 2058 584 2124 cervixque
594 2057 866 2125 repugnathabenis.

165 2129 203 2181 At
211 2134 256 2193 tu,
267 2128 371 2181 funesti
381 2143 417 2180 ne
426 2129 479 2178 sini
489 2126 540 2177 tibi
550 2130 673 2178 muneris
683 2133 790 2190 auctor,

168 2197 255 2262 Note,
265 2214 345 2251 cava:
359 2197 426 2249 dum
435 2211 535 2264 resque
545 2197 624 2261 sinit,
635 2203 685 2247 tua
695 2200 802 2266 corrige
812 2204 884 2250 vota.

123 2287 157 2342 qo
169 2266 294 2332 Scilicet,
304 2274 337 2319 ut
345 2273 441 2319 nostro
451 2269 576 2336 genitum
586 2269 618 2319 te
626 2269 760 2336 sanguine
772 2269 876 2328 credas,

168 2337 290 2405 Pignora
299 2343 377 2389 certa
386 2340 469 2404 petis:
484 2337 519 2388 do
531 2339 648 2404 pignora
658 2344 735 2390 certa
745 2337 880 2388 timendo:

165 2407 303 2472 Etpatrio
315 2414 394 2472 pater
404 2423 464 2460 esse
475 2413 551 2458 metu
562 2409 674 2473 probor.
693 2408 808 2473 Adspice
819 2405 911 2455 vultus

166 2475 248 2529 Ecce!
265 2492 354 2528 meos:
369 2479 533 2544 utinamque
541 2478 637 2528 oculos
648 2479 675 2527 in
686 2483 800 2542 pectora
810 2491 906 2541 posses

162 2545 306 2608 inserere,
317 2549 346 2597 et
355 2549 460 2612 patrias
470 2549 544 2597 intus
556 2547 727 2613 deprendere
738 2545 831 2596 curas!

99 2613 144 2674 95
148 2612 285 2681 Denique
302 2617 440 2688 quidquid
457 2615 545 2673 habet
560 2616 653 2682 diras,
660 2615 854 2740 pirounispice,

587 2706 661 2744 mun
677 2701 728 2739 use
