1926 3016
143 159 563 217 Murnuoaeuosaon
580 164 660 219 ΗΒ.
678 165 731 222 xi
773 167 825 222 237

60 266 116 319 Hic
124 264 204 318 ferus
214 264 374 333 expositum
383 269 537 334 peregrinis
546 270 645 336 anguis
654 272 747 324 arenis
822 315 825 321 ,

60 336 96 388 Ds
107 337 195 404 petit,
205 340 234 388 et
245 350 355 401 sparsos
366 336 484 393 stillanti
494 350 558 388 rore
569 338 692 403 capillos.

60 405 189 460 faudem
201 402 330 458 Phoebus
344 405 437 469 adest,
452 421 616 474 morsusque
631 406 737 461 inferre
750 423 797 477 pe-

60 546 157 608 urcei,
167 546 198 599 et
206 543 236 594 in
245 542 366 610 lapidem
376 545 463 597 rictus
473 481 609 612 ,rauptqqqu
620 550 732 613 apertos
762 535 766 542 ’

60 612 212 681 Βοηςοῑαῐς
226 619 254 666 et
263 613 387 681 patulos,
396 620 429 665 ut
438 621 531 676 erant,
542 615 656 667 indurat
665 613 763 668 hiatus.
833 619 867 671 6ο

60 682 252 739 intraretis
262 691 363 736 terras:
378 690 418 748 ct,
430 699 502 752 quae
512 684 574 736 loca
583 685 693 736 viderat
701 691 775 750 anie,

60 756 168 805 [iuncta
178 755 364 819 recognoscit:
379 769 570 823 quaerensque
581 769 629 820 per
639 757 822 823 arcaniorem

60 822 170 876 invenst
180 821 352 889 Eurydicen,
364 824 525 891 cupidisque
535 823 713 891 amplectitur
722 825 803 876 ulnis.

60 893 112 944 iiic
123 889 209 943 modo
219 892 372 945 coniunctis
381 895 537 959 spatiantur
547 893 672 960 passibus
683 896 777 947 ambo:

60 961 864 1030 Nunepraecedentemsequitur,nuneprseviusenteie.65

61 1031 278 1098 Eurydicenque
286 1046 365 1082 suam
376 1034 431 1084 iarn
442 1038 505 1084 tuto
514 1033 628 1100 respicit
637 1031 772 1099 Orpheus.

92 1100 157 1154 Non
168 1102 281 1166 impune
290 1106 384 1152 tamen
395 1101 485 1156 scelus
495 1100 548 1153 hoe
557 1103 623 1152 sinit
628 1102 819 1171 eoenyseus·

61 1171 225 1239 Amissoquu
234 1169 332 1221 dolens
343 1184 485 1221 sacrorum
496 1176 694 1233 veternorum,

61 1239 192 1293 Pretium
201 1240 230 1299 in
240 1238 317 1289 silvis
328 1245 432 1291 matres
443 1239 585 1290 Edonidas
596 1253 699 1303 omnes,

61 1310 140 1373 Quae
149 1307 243 1362 fecere
254 1306 435 1368 nefas‚torta
444 1308 538 1359 radice
548 1306 653 1374 ligarit
832 1325 865 1374 7⁰
936 1329 938 1332 ⁴

61 1379 169 1447 Quippe
182 1377 285 1447 pedani
300 1376 416 1444 digitos,
430 1378 607 1444 inquantum
623 1390 748 1446 quaeque
762 1390 803 1431 se·

475 1450 602 1508 eutaest,

61 1516 175 1570 Traxit:
191 1521 221 1569 et
230 1515 258 1568 in
270 1515 390 1567 solidam
400 1516 520 1568 detrusit
529 1515 655 1568 acumine
665 1521 779 1571 terram.

63 1585 155 1656 thue
164 1599 246 1637 suuni
257 1585 378 1655 laqueis,
389 1600 458 1653 quos
468 1585 585 1636 callidus
595 1584 701 1638 abdidit
710 1601 821 1656 auceps,

62 1655 133 1707 crtus
141 1653 191 1705 ubi
201 1655 337 1706 commisit
346 1654 631 1722 nolucris‚sensitque
641 1659 747 1721 teneri3

62 1722 221 1792 Plangitur,
231 1738 263 1774 sc
271 1725 414 1792 trepidans
424 1724 574 1792 adstringit
583 1725 692 1776 vincula
702 1730 792 1778 rnotu:
833 1724 865 1791 75

62 1791 121 1857 Sic,
129 1798 165 1843 ut
173 1807 300 1861 quaeque
309 1794 370 1846 soio
381 1794 472 1846 delixa
481 1793 645 1847 cohaeserat
653 1792 762 1859 haruin,

62 1862 218 1917 Emmata
227 1860 320 1929 fugam
331 1861 437 1917 frustra
446 1864 580 1916 tentabat
598 1863 635 1915 st
644 1864 722 1914 iliam

62 1930 155 1984 Lenta
164 1935 243 1984 tenet
252 1931 344 1995 radix,
354 1931 596 1999 exsultantemque
606 1935 722 1983 coercet

61 1999 193 2070 Dumque
203 2000 251 2053 ubi
260 2001 318 2052 siut
326 2001 406 2071 digiti
410 2038 420 2067 ,
435 2002 500 2053 dum
511 2015 560 2067 pes
569 2000 617 2052 ubi
627 2000 749 2073 quaerit,
760 2005 790 2051 et

474 2086 512 2121 un
552 2084 568 2120 e
742 2105 746 2111 -

62 2137 186 2208 Adspicit
196 2140 225 2192 in
234 2143 339 2192 teretes
348 2138 455 2208 lignum
466 2084 616 2193 sucffldz’re
626 2139 717 2188 suras'
834 2140 869 2191 80

62 2210 98 2262 Et
108 2214 212 2261 conata
221 2207 310 2261 femur
319 2209 455 2262 moerenti
467 2208 598 2275 plangere
609 2206 716 2270 derue,
865 2207 868 2213 '

62 2277 175 2330 Robora
183 2278 327 2346 percussit.
346 2276 449 2331 Pectus
459 2292 570 2345 quoque
579 2277 682 2328 robora
692 2277 775 2329 iiuntt

62 2345 176 2399 Robora
185 2352 250 2399 sunt
260 2345 382 2400 humeri:
398 2351 579 2414 porrectaque
589 2344 701 2398 brachia
710 2361 791 2399 veros

62 2416 129 2470 Essa
139 2421 223 2483 pum
233 2431 339 2480 raneos,
350 2422 379 2469 et
387 2431 443 2467 non
454 2416 554 2468 fallare
562 2415 693 2482 putando.

62 2483 867 2555 Neentishooliaechoestzipsosquoquedeseritagros285

62 2555 187 2624 cumque
197 2552 283 2606 choro
295 2555 424 2618 meliore,
434 2555 477 2605 sui
487 2556 580 2607 vineta
589 2554 712 2622 Tmoli,

62 2622 253 2693 Pactolonque
264 2626 345 2691 petit:
360 2625 483 2693 quamvis
494 2639 549 2675 non
561 2638 661 2676 aureus
672 2624 722 2678 illo

62 2692 360 2759 senseresensere
369 2693 702 2747 eratinvidiosusarenis.
