1926 3016
52 100 466 158 METAMORPHOSRON
481 100 562 159 ΜΒ.
581 102 677 160 17111.ι
689 104 737 160 {aa

52 209 86 260 iia
95 208 197 260 Baucis
207 222 291 271 anus,
300 209 380 277 paris
399 218 437 261 ue
446 213 538 263 aetate
549 207 696 263 Philemon

52 283 103 330 unt
112 278 191 329 annis
201 279 289 330 iuneti
299 279 390 330 iuveni
404 278 479 342 'bus3
493 278 546 330 illo

52 362 152 401 enuere
162 362 239 399 casa:
255 352 506 415 paupertatemque
516 346 631 401 fatendo

52 432 101 470 ere
110 417 213 480 levem,
224 432 275 468 neo
285 418 381 485 iniqua
391 423 484 470 mente
496 416 648 470 ferendam.

52 485 141 551 efen,
152 487 277 538 dominos
287 486 361 549 illie,
371 486 527 538 famulosve
537 488 677 555 requiram
748 490 797 544 635

54 557 153 609 domus
173 556 229 607 duo
239 559 318 607 sunt:
328 557 401 608 idem
412 562 567 623 parentque
577 556 736 627 iubeatque.

58 628 106 679 ubi
118 626 276 679 coelicolae
285 641 385 693 parvos
394 627 515 693 tetigere
524 630 652 692 penaten

52 698 171 764 iissoque
182 695 300 747 humiles
310 698 564 748 intraruntvertice
573 700 683 763 postas3

52 767 102 818 bra
111 780 196 818 senex
206 767 299 833 posito
310 766 391 817 iussit
400 765 526 818 relevare
536 766 632 818 sedili:

52 836 225 902 ruperiniecit
234 839 343 888 textum
352 835 422 887 rude
433 835 531 887 sedula
540 835 651 888 Baucis.
750 836 799 890 b-io

52 904 113 957 ioco
124 905 247 971 tepidum
257 909 377 957 cinerem
389 905 515 956 dimouit:
531 911 560 957 et
569 907 649 974 ignes

54 978 97 1027 tat
107 972 266 1041 bestern0s3
281 974 411 1043 foliisque
422 978 452 1027 et
461 976 565 1028 cortica
575 978 650 1028 sicco

56 1050 81 1108 t;
99 1049 127 1097 et
137 1045 173 1096 ad
182 1044 308 1097 flammas
318 1047 410 1095 anima
420 1045 549 1111 producit
559 1045 640 1097 anili:

52 1114 185 1182 iiidasque
195 1113 283 1177 faces,
292 1113 466 1181 ramaliaque
477 1114 556 1165 arida
564 1118 640 1166 tecto

53 1183 97 1248 iit,
107 1188 135 1235 et
144 1186 257 1246 minuit,
267 1195 408 1250 parvoque
418 1181 540 1234 admovit
550 1185 629 1234 aeno.
749 1185 797 1239 615

55 1269 111 1322 que
122 1268 188 1304 suus
199 1255 301 1304 coniux
311 1254 392 1320 riguo
403 1250 558 1371 colieqerat
567 1250 659 1317 burto,

53 1327 100 1375 aot
110 1321 173 1372 olus
184 1321 267 1373 foliis.
286 1321 377 1373 Fures
387 1320 481 1372 levati
493 1321 520 1373 le
529 1321 636 1372 bicorni

53 1393 95 1445 ,ila
103 1395 185 1459 terga
196 1392 266 1455 suis,
277 1392 356 1459 nigro
367 1389 518 1458 pendentia
529 1392 618 1459 tigno:

53 1467 146 1529 itoque
158 1462 204 1513 diu
217 1466 324 1514 resecat
333 1460 368 1513 de
378 1465 491 1529 tergore
500 1466 607 1528 partem

53 1546 123 1596 iam3
138 1537 299 1600 sectamque
310 1531 406 1584 domat
416 1529 588 1584 ferventibus
598 1531 687 1586 undis.
747 1536 797 1589 650

53 1616 85 1654 aa
94 1601 199 1653 medias
209 1602 313 1653 faliunt
322 1601 497 1653 sermonibus
508 1599 605 1655 horas:

54 1672 134 1739 rique
144 1686 251 1723 moram
263 1669 420 1738 prohibent.
441 1672 510 1722 Erat
520 1672 616 1725 alveus
626 1672 685 1726 illie

53 1754 125 1806 reus,
137 1755 220 1793 curva
231 1741 309 1793 elevo
320 1755 472 1808 suspensus
483 1741 517 1792 ab
528 1756 609 1795 aneas

53 1810 111 1863 iidis
120 1810 253 1877 impletur
263 1812 355 1880 uquie3
371 1815 503 1879 artusque
514 1811 650 1864 fovendos

53 1880 88 1931 it
107 1880 139 1933 in
149 1881 242 1932 medio
252 1885 331 1932 torus
342 1884 385 1933 est
395 1880 430 1932 de
440 1878 573 1932 mollibus
582 1881 655 1933 ulvis
749 1882 797 1934 655

53 1950 121 2001 situs
132 1950 219 2013 laeto,
229 1951 337 2017 sponda
346 1949 519 2018 pedibusque
529 1950 653 2019 salignis.

53 2020 104 2071 bus
115 2017 189 2072 hune
199 2020 306 2085 velant,
317 2034 387 2090 quas
397 2033 454 2070 non
464 2018 518 2069 nisi
528 2023 655 2085 tempore
666 2019 738 2073 festo

53 2104 107 2142 iere
118 2095 297 2142 consuerant=
308 2089 359 2142 sed
369 2094 400 2142 et
407 2087 737 2159 haeevilisquevetusque

55 2174 69 2209 s
82 2164 156 2222 erat,
167 2159 241 2212 lecto
252 2175 306 2211 non
316 2157 488 2228 indignanda
498 2159 616 2227 saligno.

53 2229 135 2281 buere
145 2228 207 2280 Dei.
229 2230 507 2281 mensamsueeineta
516 2234 693 2299 tremensque
750 2230 800 2282 660

54 2312 146 2350 :anus
166 2299 282 2351 Mensae
292 2298 415 2351 sed-erat
423 2312 473 2366 pes
482 2301 584 2351 tertius
594 2301 695 2367 impert

54 2382 166 2435 iparem
178 2368 252 2421 fecit.
272 2369 353 2432 Quae
362 2372 508 2435 postquam
519 2367 632 2420 subdita
642 2366 743 2421 alivum

54 2436 109 2501 oia
125 2443 273 2507 aequatum
283 2442 394 2490 mentae
404 2441 512 2489 tersere
520 2438 650 2490 virentes.

54 2520 94 2559 ur
102 2505 149 2559 bic
157 2508 267 2560 bicolor
276 2509 401 2559 sincerae
409 2504 657 2572 baeeeMinervee‚

54 2574 695 2696 itaqueiniiquidaeoroaaotumnaiiaiaeee‚
761 2572 816 2623 biis

54 2656 128 2707 ique,
141 2649 175 2695 et
181 2658 213 2695 ra
233 2646 273 2711 ix,
285 2651 319 2700 et
329 2646 417 2703 laetis
426 2664 529 2706 masta
540 2650 657 2716 coactu
