1926 3016
134 145 169 198 lo
317 141 348 193 P.
367 139 507 193 ovlorr
529 136 714 192 NASONIS

168 248 246 309 Quae
256 249 336 311 pater
345 249 378 295 ut
387 259 495 294 sumina
503 243 574 294 vidit
584 240 730 295 Saturnius
741 257 819 309 arcet

131 318 262 384 ingemit:
278 321 317 376 et,
329 315 403 365 facto
414 314 536 363 nondum
546 314 660 382 vulgata
671 317 785 377 recenti,

77 387 123 439 165
131 386 228 439 Foeda
238 384 396 450 Lycaoniae
407 384 531 435 referens
542 385 665 434 convivia
676 399 797 447 mensae,

131 458 261 522 Ingentes
272 456 364 505 animo
375 461 404 505 et
413 455 510 520 dignas
521 455 583 505 lore
593 455 712 518 concipit
722 454 792 517 iras;

134 524 341 591 Conciliomque
353 530 440 575 vocat.
460 525 565 573 Tenuit
574 539 652 572 mora
662 523 739 572 nulla
749 526 871 575 vocatos.

132 594 183 646 Est
191 595 238 644 via
247 594 385 655 sublimis,
397 593 475 644 coelo
487 593 633 642 manifesta
644 607 754 642 sereno:

131 661 237 715 Lactea
248 677 348 714 nomen
360 663 455 724 habet3
469 661 590 713 'candore
602 662 731 712 notabilis
743 663 810 727 ipso.

75 750 123 805 ¹7⁰
131 732 193 784 Hae
203 734 256 782 iter
267 737 310 782 est
320 731 433 797 Superis
444 733 479 781 ml
491 732 582 799 magni
593 737 667 781 tecta
678 733 825 790 Tonantis,

130 801 317 867 Regalemque
327 802 447 851 domum.
470 801 577 851 Dextra
587 801 719 866 laevaque
731 801 855 851 Deorum

130 871 211 924 Atria
221 871 355 920 nobilium
366 871 451 922 valvis
463 871 640 921 celebrantur
651 872 762 935 apertis.

130 937 212 989 Plebs
224 937 350 990 habitant
360 941 470 990 dirersa
483 939 563 989 locis:
580 940 699 991 alrontc
710 943 837 1005 potentes

131 1008 301 1070 Coelicolae‚
312 1009 436 1074 clarique
448 1023 514 1066 suos
524 1024 642 1074 posuere
658 1015 779 1074 penates.

73 1077 121 1143 175
130 1077 184 1127 Hic
193 1077 271 1126 locus
282 1084 336 1139 est,
348 1094 442 1144 quem,
454 1080 476 1127 si
488 1080 578 1128 verbis
590 1080 706 1130 eudocia
716 1079 807 1139 detur,

128 1146 214 1198 Haud
224 1148 335 1198 timeam
348 1149 440 1213 magni
452 1149 554 1198 dixisse
565 1147 673 1197 Palatia
685 1147 764 1198 coeli.

129 1216 204 1282 Ergo
215 1217 261 1266 ubi
272 1232 429 1267 marmoreo
441 1216 540 1282 Superi
551 1218 649 1267 sedero
661 1231 779 1276 recessu,

132 1285 239 1337 Celsior
248 1288 307 1352 ipse
320 1286 395 1348 loco,
408 1296 574 1352 sceptroque
583 1287 694 1335 innixus
704 1287 818 1344 eburno,

131 1354 295 1405 Terrilicarn
307 1357 405 1419 capitis
416 1357 556 1404 concussit
565 1361 663 1420 terque
674 1362 827 1420 quaterque

73 1427 120 1481 180
131 1423 302 1484 Caesariem,
317 1438 378 1472 curn
391 1436 445 1487 qua
456 1427 573 1482 terram,
586 1437 673 1481 mare,
684 1424 790 1485 sidera,
801 1422 892 1472 morit.

129 1491 245 1542 Talibus
254 1491 318 1542 inde
329 1491 417 1540 modis
430 1505 479 1540 ora
489 1491 662 1556 indignantia
672 1490 767 1539 solvit:

128 1560 190 1611 Non
201 1575 252 1626 ego
263 1576 313 1625 pro
325 1560 419 1609 mundi
431 1574 516 1625 regno
527 1561 614 1625 magis
626 1561 724 1609 anxius
734 1559 784 1609 illa

129 1630 307 1693 Tempestate
319 1628 371 1689 fui,
383 1644 437 1694 qua
449 1635 559 1678 centum
571 1629 687 1694 quisque
698 1630 833 1695 parabant

128 1700 246 1751 iniicere
258 1698 442 1764 anguipedum
454 1699 562 1763 captivo
573 1698 687 1748 brachia
697 1698 784 1748 coelo.

12 1789 15 1796 ·
74 1770 120 1824 185
129 1766 213 1830 Nam,
224 1781 392 1834 quamquam
402 1767 479 1817 ierus
490 1765 577 1817 hostis
589 1782 662 1830 erat,
674 1778 768 1818 tamen
779 1766 848 1817 illud

544 1838 578 1887 ab
590 1851 645 1887 uno

130 1907 266 1972 Corpore,
277 1909 306 1956 et
316 1919 350 1956 ex
360 1919 417 1954 una
426 1905 564 1970 pendebat
574 1907 681 1972 origine
692 1905 805 1957 bellurn.

128 1975 209 2029 Nunc
219 1973 300 2036 mihi,
312 1989 367 2041 qua
378 1980 465 2024 totum
477 1975 583 2025 Nereus
594 1977 778 2025 circumtonat
789 1973 895 2038 orbem,

129 2045 305 2097 Perdendum
316 2044 435 2094 mortale
446 2058 542 2110 genus.
564 2044 616 2094 Per
628 2044 741 2094 llumina
751 2046 813 2095 iuro

129 2114 235 2176 infera,
245 2114 295 2164 sub
307 2119 396 2164 terras
409 2111 507 2180 Stygio
519 2113 642 2162 labentia
653 2113 724 2174 luco,

74 2205 121 2258 ¹90
132 2184 238 2234 Cuncta
247 2185 324 2248 prius
334 2188 454 2234 tentata:
469 2183 518 2233 sed
528 2182 731 2233 immedicabile
742 2180 842 2230 vulnus

130 2253 204 2303 Ense
214 2252 404 2313 recidendum,
414 2268 454 2308 no¹
461 2268 523 2318 pars
533 2257 643 2303 sincera
653 2250 788 2301 trabatur.

132 2319 275 2372 Suntmihi
283 2320 414 2383 Sernidei,
424 2324 600 2372 suntrustica
609 2324 731 2382 numina,
742 2314 895 2384 Nymphae,

132 2390 289 2456 Faunique,
299 2389 463 2457 Satyrique,
475 2397 504 2443 et
515 2390 682 2442 monticolae
694 2389 811 2440 Silvani:

133 2459 210 2520 Quos
220 2460 349 2524 quoniam
360 2461 431 2510 coeli
441 2461 563 2511 nondum
575 2461 722 2526 dignamur
732 2456 846 2521 honore,

77 2533 124 2598 ¹95
134 2529 209 2590 Quas
220 2527 358 2589 dedimus,
369 2534 445 2579 certe
455 2536 545 2580 terras
557 2529 683 2579 babitare
694 2529 825 2577 sinamus.

118 2595 165 2643 An
175 2597 258 2656 satis,
271 2595 305 2646 o!
316 2595 430 2664 Superi,
440 2603 517 2649 tutos
527 2597 587 2650 lore
598 2598 710 2649 creditis
721 2596 793 2659 illos,

109 2658 181 2708 Cum
190 2662 277 2729 nuni,
290 2668 339 2736 qui
348 2666 474 2738 fulmen,
485 2670 536 2739 qui
545 2683 596 2721 ros
603 2666 764 2733 habeoque,
771 2677 904 2730 repostis,
