1926 3016
161 155 196 215 38
360 152 391 208 1¹.
409 152 549 207 0VlDll
566 151 749 210 NASONIS

160 258 343 327 Incubuitque
352 257 429 312 loco:
444 273 601 328 nomenque
611 261 640 311 iu
649 273 787 312 marmore
797 257 901 312 lectum

160 327 288 388 Perfudit
299 330 435 392 lacrimis,
446 335 474 381 et
484 337 582 396 aperto
594 335 707 396 pectore
718 329 796 381 fovit.

99 405 149 458 540
160 399 218 452 Nec
228 400 319 469 minus
329 399 463 452 Heliades
473 398 570 463 fletus,
580 403 622 462 et,
632 401 727 452 inania
736 399 819 453 morti

159 468 292 531 Munera,
304 468 372 521 deut
383 469 523 523 lacrimas:
539 475 569 520 et
579 484 676 521 caesae
687 474 803 535 pectora
812 468 911 533 palmis

159 537 222 590 Nou
233 537 392 590 auditurum
404 541 520 591 miseras
530 537 706 591 Phaethonta
716 539 845 606 querelas

158 607 246 665 Nocte
257 607 357 676 dieque
367 614 480 672 vocant,
490 609 745 675 adsternunturque
755 608 892 675 sepulcro.

159 677 240 729 Luna
250 686 350 745 quater
360 680 462 730 iunctis
472 677 604 744 implerat
614 679 746 729 cornibus
758 678 863 731 orbemz

98 746 229 803 sesninc
239 762 315 800 more
326 763 391 810 suo,
402 763 467 801 nam
476 762 582 801 merem
595 746 702 798 fecerat
712 763 787 810 usus,

159 815 325 883 Plaugorcm
337 817 480 869 dederant.
498 818 523 869 Ε
532 821 595 884 quis
606 815 778 878 Phaethusa,
788 830 916 868 sororum

159 885 364 948 maximenon
375 886 461 938 vellet
470 892 564 938 terrae
575 887 766 952 procumbere,
778 891 875 954 questo
883 891 926 936 est

160 953 316 1022 Diriguisse
327 955 425 1022 pedes:
440 956 569 1022 adquam
581 960 681 1007 conata
689 955 784 1008 venire

159 1024 283 1076 Candida
293 1025 452 1090 Lampetie,
462 1025 554 1077 subite
564 1023 659 1077 radice
670 1031 780 1076 retenta
791 1029 841 1077 est.

100 1096 149 1151 350
157 1094 270 1158 Tertia,
282 1110 343 1146 eum
354 1094 458 1146 crinem
470 1095 596 1145 monibus
607 1095 714 1146 laniare
725 1100 845 1161 pararet,

157 1163 260 1215 Avellit
272 1163 393 1215 frondes.
414 1165 493 1216 llaec
504 1164 598 1231 stipite
610 1180 694 1216 crura
703 1165 804 1228 teneri,

158 1233 211 1286 llla
221 1233 298 1287 dolet
308 1234 370 1289 lieri
381 1232 481 1302 longos
491 1249 544 1284 sua
553 1232 669 1285 brachia
679 1244 780 1285 ramos.

157 1302 288 1370 Dumque
299 1318 333 1356 ea
342 1303 488 1360 mirantur.
495 1303 924 1370 complectituringuinaoortex:

157 1371 266 1440 Perque
277 1371 379 1440 gradio
390 1377 515 1434 uterum,
526 1377 695 1438 pectusque,
707 1370 902 1441 humerosque,

575 1454 674 1490 manus
696 1455 730 1490 ue

99 1521 148 1575 555
158 1508 263 1562 Ambit:
279 1511 308 1561 et
317 1509 465 1561 exstabant
476 1512 586 1558 tantum
598 1522 649 1559 oro
657 1456 788 1561 thoantis
797 1514 924 1560 matrem.

157 1578 231 1642 Quid
242 1576 329 1628 saciat
338 1575 445 1633 meteri
460 1577 527 1639 uisi,
539 1591 593 1644 quo
603 1576 698 1628 trahat
707 1578 827 1645 impetus
838 1578 924 1638 illam,

80 1665 84 1669 ·
158 1648 222 1699 Huc
233 1655 292 1709 eat,
304 1651 387 1713 atque
397 1645 481 1697 illuct
491 1652 529 1709 et,
541 1647 606 1699 dum
617 1646 691 1709 licet,
703 1647 800 1699 oscula
810 1647 924 1714 iungat!

158 1717 221 1770 Non
232 1717 299 1768 satis
310 1720 367 1778 est;
382 1717 489 1767 truncis
499 1716 621 1768 avellere
633 1731 753 1782 corpora
762 1722 862 1778 tentat,

157 1787 315 1838 Etteneros
326 1786 453 1839 manibus
463 1799 556 1836 ramos
568 1785 747 1850 abrumpere:
763 1786 867 1837 atinde

100 1863 149 1915 560
158 1854 333 1922 Sanguineae
344 1858 472 1916 manant,
487 1860 620 1921 tanquam
632 1855 666 1906 de
676 1855 803 1918 vulnere,
819 1860 921 1921 guttae.

158 1924 260 1988 Parce,
275 1937 391 1991 precor,
402 1929 505 1986 mater,
522 1939 704 1990 quaecunque
721 1930 765 1975 est
777 1925 879 1986 saucia,

576 1993 692 2044 olaurat:

158 2063 255 2127 Parce,
265 2077 377 2131 precor:
392 2067 518 2116 nostrum
528 2061 653 2115 laniatur
662 2064 691 2114 in
702 2062 803 2114 arbore
815 2077 923 2131 corpus.

157 2136 272 2202 lamque
283 2133 354 2186 vele.
375 2134 479 2185 Cortex
489 2134 518 2184 in
528 2134 614 2185 verba
624 2133 867 2184 novissimavenit

192 2205 261 2258 Inde
276 2202 367 2265 lluunt
377 2203 521 2256 lacrimae:
538 2202 701 2272 stillataque
712 2203 773 2254 solc
783 2203 924 2270 rigescunt

99 2276 149 2333 565
159 2273 204 2326 De
214 2274 299 2324 ramis
310 2274 417 2326 electra
426 2274 518 2327 noris:
535 2288 605 2341 quae
616 2273 724 2327 lucidus
735 2274 823 2323 amnis

158 2344 282 2408 Excipit,
293 2349 321 2395 et
331 2345 447 2395 nuribus
458 2344 544 2395 mittit
553 2343 690 2411 gestanda
700 2343 818 2394 Latinis.

193 2411 291 2464 Adfuit
302 2412 366 2464 huic
376 2419 501 2465 monstro
512 2413 605 2479 proles
616 2411 776 2465 Stheneleia
787 2413 908 2478 Cycnum

159 2481 215 2545 Qui
225 2481 276 2533 tibi
285 2488 413 2534 materno
423 2484 548 2549 quumvis
557 2498 575 2533 a
584 2483 719 2551 sanguine
730 2483 849 2543 iunctus,

148 2550 254 2601 Mente
264 2555 373 2617 tamen,
385 2550 540 2616 Phatthon,
549 2553 663 2621 propior
673 2550 734 2602 fuit.
755 2549 806 2601 llle
817 2549 924 2614 relicto,

67 2611 215 2674 570Nam
224 2617 373 2690 Ligurum
384 2623 509 2694 populos
516 2661 525 2691 ,
533 2628 564 2678 et
572 2619 907 2700 magnasreuerqturhes.

117 2677 360 2764 ¹¹²¹l²011⁰⁰ripas
370 2697 686 2768 vitiumnumerus
693 2687 816 2764 querelis
