1926 3016
130 138 181 193 328
314 133 344 188 Ρ.
364 132 503 189 ovrml
524 129 709 188 Nasutus
762 188 766 195 ,

128 240 339 308 incenduntque
349 253 431 291 ceras
442 237 567 289 fumante
576 237 715 291 bitumine
724 253 819 293 venas.

129 312 243 367 Viribus
252 309 295 361 his
306 309 424 376 aliisque
434 323 521 375 vapor·
531 309 690 374 penetravit
701 309 737 360 ad
748 309 807 362 ime

128 383 240 437 Fontis:
257 386 287 432 et
294 380 396 446 Alpino
406 379 489 430 modo
500 392 570 445 quae
581 383 692 430 certare
703 380 795 447 rigori

70 456 118 523 795
129 452 282 505 Audebatrs
293 464 395 518 aquae,
406 464 461 500 non
474 447 572 500 ceditis
583 448 695 515 ignibus
704 450 784 516 ipsis.

129 520 311 576 Flammifera
321 521 424 588 gemini
435 518 544 570 fuerant
554 518 723 586 adspergine
734 523 841 585 postes.-

130 592 286 659 Porteque,
296 590 483 657 nequidquam
494 587 592 655 rigidis
603 588 741 654 permissa
751 587 865 652 Sabinis,

129 663 221 716 Fonte
233 661 286 713 luit
297 664 473 726 praestructa
482 673 570 721 noro;
586 657 653 710 dum
664 659 790 710 Martius
801 672 874 710 arma

130 732 266 784 lndueret
275 729 365 781 miles.
385 729 464 791 Quae
476 733 623 796 postquam
635 728 775 780 Romulus
785 729 858 780 ultro

71 804 122 856 800
133 801 256 862 Obtulit,
268 805 297 852 et
306 804 397 850 strata
407 804 450 850 est
460 799 546 852 tellus
558 799 685 850 Romana
696 797 810 850 Sabinis

133 871 313 937 Corporibus,
322 875 412 920 strata
423 876 520 936 estque
530 869 601 932 suis3
612 870 766 936 generique
775 882 890 921 cruorem

133 939 273 1008 Sanguine
284 955 347 991 cum
359 938 448 990 soceri
459 939 623 1005 permiscuit
632 940 735 1005 impius
747 940 834 991 ensis:

131 1010 205 1062 Pace
216 1014 309 1061 tamen
319 1010 380 1059 sisti
391 1008 510 1070 bellum,
522 1010 611 1059 necin
623 1008 724 1059 ultima
733 1007 812 1060 ferro

132 1078 300 1141 Decertare,
311 1078 417 1145 plaeet3
433 1079 604 1145 Tatiumque
614 1078 752 1130 accedere
762 1092 856 1146 regno.

72 1153 123 1208 805
133 1151 281 1202 Occiderat
291 1150 403 1211 Tatius,
413 1147 579 1215 populisque
590 1153 713 1215 aequate
722 1148 841 1212 duobus,

133 1220 268 1283 Romule,
279 1220 341 1271 iure
352 1219 451 1271 dabas:
468 1220 559 1285 posita
569 1233 631 1269 cum
642 1218 752 1270 casside
762 1219 871 1270 Mavors

134 1286 893 1357 TalibusadiatnrDivumquehominumqueparentem:

133 1360 258 1426 Tempus
269 1360 357 1422 adest,
364 1360 484 1427 genitor,
492 1359 624 1426 quoniam
631 1357 894 1426 fiandaminemagno

135 1430 190 1481 Res
201 1431 328 1482 Romana
339 1430 425 1492 velet,
436 1445 487 1480 nec
498 1427 624 1495 praeside
636 1430 740 1495 pendet
752 1430 788 1481 ab
798 1443 861 1491 uno,

74 1501 125 1554 810
134 1498 277 1561 Praemia,
288 1514 360 1566 qaue
371 1500 509 1565 promissa
519 1497 586 1549 mibi
597 1499 738 1568 dignoque
748 1499 852 1568 nepoti,

135 1566 264 1630 Solvere,
275 1573 305 1618 et
314 1567 438 1618 ablatum
449 1570 533 1618 terris
544 1569 689 1636 imponere
700 1569 791 1622 coelo.

134 1638 180 1688 Tu
190 1635 256 1688 mihi
268 1637 385 1688 concilio
398 1638 536 1704 quondam
549 1644 695 1705 praesente
707 1638 842 1702 Deorum,

135 1706 207 1759 Num
218 1722 351 1770 memoro,
363 1710 535 1776 memorique
546 1711 638 1760 animo
649 1711 697 1776 pia
707 1711 794 1762 verba
802 1706 888 1767 nonni,

135 1778 214 1830 Vnus
226 1779 292 1839 erit,
303 1793 384 1845 quem
397 1783 426 1828 tu
438 1779 522 1830 tolles
532 1781 561 1829 iu
573 1780 686 1832 caerula
698 1781 780 1844 coeli,

74 1852 124 1904 815
134 1847 250 1898 Dixisti:
266 1855 328 1899 rata
339 1849 375 1899 sit
384 1850 533 1900 verborum
546 1846 654 1901 suntme
664 1855 788 1901 tuorum.

136 1920 241 1970 Annuit
252 1920 449 1985 Omnipotens,
459 1927 488 1971 et
499 1921 618 1970 nubibus
629 1922 696 1971 adra
707 1922 798 1971 caecis

136 1989 277 2051 Osculum,
288 1991 452 2056 tonitruque
463 1996 492 2041 et
504 1988 614 2057 fulgure
626 1991 730 2041 terruit
741 1991 849 2043 Vrbem.

136 2059 216 2120 Quae
227 2060 279 2109 sibi
291 2061 444 2125 promissae
456 2061 543 2111 sensit
554 2060 620 2109 data
630 2061 712 2128 signu
722 2061 843 2126 rapinae,

136 2128 306 2196 innixusque
318 2128 427 2191 hastae,
440 2145 549 2196 pressos
561 2136 672 2181 temone
684 2135 802 2181 cruento

75 2201 126 2253 820
137 2197 295 2263 lmpavidus
305 2200 468 2250 conscendit
477 2214 563 2266 equos
575 2199 727 2262 Gradivus,
738 2205 767 2251 et
778 2201 835 2250 ictu

136 2265 267 2319 Verberis
278 2270 426 2334 increpuit:
442 2284 615 2337 pronumque
627 2285 676 2336 per
686 2272 753 2319 ae're
765 2270 854 2336 lapsus

137 2337 269 2388 Constitit
280 2340 308 2388 in‘
319 2354 427 2389 summo
439 2342 578 2389 nemorosi
590 2339 661 2391 colle
672 2339 777 2390 Palati:

135 2405 363 2475 Reddentemque
375 2425 424 2459 suo
435 2410 492 2459 iam
503 2409 581 2476 regia
592 2411 653 2460 iura
663 2410 767 2472 Quiriti

136 2475 258 2526 Abstulit
268 2478 382 2529 lliaden.
404 2480 509 2546 Corpus
521 2480 639 2530 mortale
651 2494 700 2545 per
711 2494 794 2530 auras

77 2548 126 2600 825
137 2545 284 2612 [illapsum
295 2553 407 2599 tenues:
423 2565 473 2601 ceu
485 2549 543 2600 lata
552 2550 685 2616 plumbea
694 2548 782 2600 lunda

137 2615 226 2668 lllissa
236 2617 309 2667 solet
322 2619 412 2669 medio
423 2619 504 2687 glans
514 2620 688 2671 intabescere
700 2619 787 2670 coelo.

137 2683 259 2740 Pulchre
268 2686 343 2738 subit
353 2686 454 2747 facies.
465 2695 495 2742 et
504 2689 697 2749 pulvinaribus
708 2689 774 2743 altis
