<?xml version="1.0" encoding="UTF-8"?>
<!DOCTYPE html PUBLIC "-//W3C//DTD XHTML 1.0 Transitional//EN"
    "http://www.w3.org/TR/xhtml1/DTD/xhtml1-transitional.dtd">
<html xmlns="http://www.w3.org/1999/xhtml" xml:lang="en" lang="en">
 <head>
  <title>
</title>
<meta http-equiv="Content-Type" content="text/html;charset=utf-8" />
  <meta name='ocr-system' content='tesseract 3.04.00' />
  <meta name='ocr-capabilities' content='ocr_page ocr_carea ocr_par ocr_line ocrx_word'/>
</head>
<body>
  <div class='ocr_page' id='page_1' title='image "./povidiinasonisq01ovidgoog_0247.png"; bbox 0 0 1926 3016; ppageno 0'>
   <div class='ocr_carea' id='block_1_1' title="bbox 200 39 963 960">
    <p class='ocr_par' dir='ltr' id='par_1_1' title="bbox 200 39 963 960">
     <span class='ocr_line' id='line_1_1' title="bbox 305 39 952 120; baseline -0.002 -12"><span class='ocrx_word' id='word_1_1' title='bbox 305 55 378 108; x_wconf 85' lang='lat' dir='ltr'><strong>Turn</strong></span> <span class='ocrx_word' id='word_1_2' title='bbox 390 52 466 107; x_wconf 87' lang='lat' dir='ltr'><strong>lecto</strong></span> <span class='ocrx_word' id='word_1_3' title='bbox 477 39 650 114; x_wconf 68' lang='lat' dir='ltr'><strong>incumbens,</strong></span> <span class='ocrx_word' id='word_1_4' title='bbox 661 39 729 104; x_wconf 69' lang='lat' dir='ltr'><strong>lietu</strong></span> <span class='ocrx_word' id='word_1_5' title='bbox 739 66 887 120; x_wconf 76' lang='lat' dir='ltr'><strong>superero</strong></span> <span class='ocrx_word' id='word_1_6' title='bbox 895 52 952 107; x_wconf 68' lang='lat' dir='ltr'><strong>ren</strong></span> 
     </span>
     <span class='ocr_line' id='line_1_2' title="bbox 305 122 954 191; baseline 0 -15"><span class='ocrx_word' id='word_1_7' title='bbox 305 124 385 176; x_wconf 85' lang='lat' dir='ltr'><strong>llaec</strong></span> <span class='ocrx_word' id='word_1_8' title='bbox 395 124 445 175; x_wconf 84' lang='lat' dir='ltr'><strong>eit:</strong></span> <span class='ocrx_word' id='word_1_9' title='bbox 460 123 595 191; x_wconf 72' lang='lat' dir='ltr'><strong>Agnoscis</strong></span> <span class='ocrx_word' id='word_1_10' title='bbox 605 124 710 190; x_wconf 79' lang='lat' dir='ltr'><strong>Ceyce,</strong></span> <span class='ocrx_word' id='word_1_11' title='bbox 721 122 880 174; x_wconf 81' lang='lat' dir='ltr'><strong>miserrime</strong></span> <span class='ocrx_word' id='word_1_12' title='bbox 889 124 954 176; x_wconf 86' lang='lat' dir='ltr'><strong>conl</strong></span> 
     </span>
     <span class='ocr_line' id='line_1_3' title="bbox 200 189 958 260; baseline -0.004 -13"><span class='ocrx_word' id='word_1_13' title='bbox 200 227 210 247; x_wconf 84' lang='lat'><strong>.</strong></span> <span class='ocrx_word' id='word_1_14' title='bbox 306 196 348 247; x_wconf 81' lang='lat' dir='ltr'><strong>An</strong></span> <span class='ocrx_word' id='word_1_15' title='bbox 358 208 421 246; x_wconf 82' lang='lat' dir='ltr'><strong>rnen</strong></span> <span class='ocrx_word' id='word_1_16' title='bbox 430 197 538 244; x_wconf 76' lang='lat' dir='ltr'><strong>mutato</strong></span> <span class='ocrx_word' id='word_1_17' title='bbox 548 196 593 244; x_wconf 86' lang='lat' dir='ltr'><strong>est</strong></span> <span class='ocrx_word' id='word_1_18' title='bbox 603 191 689 243; x_wconf 85' lang='lat' dir='ltr'><strong>iacies</strong></span> <span class='ocrx_word' id='word_1_19' title='bbox 699 189 786 245; x_wconf 70' lang='lat' dir='ltr'><strong>nece!</strong></span> <span class='ocrx_word' id='word_1_20' title='bbox 799 192 924 260; x_wconf 77' lang='lat' dir='ltr'><strong>respice3</strong></span> <span class='ocrx_word' id='word_1_21' title='bbox 939 210 958 244; x_wconf 91' lang='grc' dir='ltr'><strong>ιι</strong></span> 
     </span>
     <span class='ocr_line' id='line_1_4' title="bbox 246 262 953 331; baseline -0.004 -13"><span class='ocrx_word' id='word_1_22' title='bbox 246 263 296 318; x_wconf 80' lang='lat'><strong>660</strong></span> <span class='ocrx_word' id='word_1_23' title='bbox 305 263 487 331; x_wconf 81' lang='lat' dir='ltr'><strong>inveniesque</strong></span> <span class='ocrx_word' id='word_1_24' title='bbox 497 268 546 313; x_wconf 91' lang='lat' dir='ltr'><strong>tuo</strong></span> <span class='ocrx_word' id='word_1_25' title='bbox 556 276 607 328; x_wconf 91' lang='lat' dir='ltr'><strong>pro</strong></span> <span class='ocrx_word' id='word_1_26' title='bbox 618 262 736 329; x_wconf 85' lang='lat' dir='ltr'><strong>coniuge</strong></span> <span class='ocrx_word' id='word_1_27' title='bbox 747 262 874 331; x_wconf 79' lang='lat' dir='ltr'><strong>coniugis</strong></span> <span class='ocrx_word' id='word_1_28' title='bbox 886 264 953 316; x_wconf 84' lang='lat' dir='ltr'><strong>unrb</strong></span> 
     </span>
     <span class='ocr_line' id='line_1_5' title="bbox 306 331 961 402; baseline 0.002 -18"><span class='ocrx_word' id='word_1_29' title='bbox 306 332 352 384; x_wconf 86' lang='lat' dir='ltr'><strong>Nil</strong></span> <span class='ocrx_word' id='word_1_30' title='bbox 363 333 438 402; x_wconf 85' lang='lat' dir='ltr'><strong>opis,</strong></span> <span class='ocrx_word' id='word_1_31' title='bbox 448 331 607 398; x_wconf 78' lang='lat' dir='ltr'><strong>Halcyone,</strong></span> <span class='ocrx_word' id='word_1_32' title='bbox 619 331 698 382; x_wconf 84' lang='lat' dir='ltr'><strong>nobis</strong></span> <span class='ocrx_word' id='word_1_33' title='bbox 710 336 759 383; x_wconf 82' lang='lat' dir='ltr'><strong>tun</strong></span> <span class='ocrx_word' id='word_1_34' title='bbox 768 337 835 384; x_wconf 77' lang='lat' dir='ltr'><strong>vote</strong></span> <span class='ocrx_word' id='word_1_35' title='bbox 843 332 961 385; x_wconf 86' lang='lat' dir='ltr'><strong>tulerun</strong></span> 
     </span>
     <span class='ocr_line' id='line_1_6' title="bbox 307 400 954 468; baseline -0.002 -13"><span class='ocrx_word' id='word_1_36' title='bbox 307 403 479 456; x_wconf 81' lang='lat' dir='ltr'><strong>occidimus=</strong></span> <span class='ocrx_word' id='word_1_37' title='bbox 494 400 584 453; x_wconf 84' lang='lat' dir='ltr'><strong>fnlsue</strong></span> <span class='ocrx_word' id='word_1_38' title='bbox 595 401 644 453; x_wconf 89' lang='lat' dir='ltr'><strong>tibi</strong></span> <span class='ocrx_word' id='word_1_39' title='bbox 655 416 700 453; x_wconf 88' lang='lat' dir='ltr'><strong>rne</strong></span> <span class='ocrx_word' id='word_1_40' title='bbox 709 403 876 468; x_wconf 81' lang='lat' dir='ltr'>promittere</span> <span class='ocrx_word' id='word_1_41' title='bbox 886 403 954 455; x_wconf 90' lang='lat' dir='ltr'><strong>noll.</strong></span> 
     </span>
     <span class='ocr_line' id='line_1_7' title="bbox 308 470 963 540; baseline -0.003 -14"><span class='ocrx_word' id='word_1_42' title='bbox 308 472 427 526; x_wconf 79' lang='lat' dir='ltr'>Nubilus</span> <span class='ocrx_word' id='word_1_43' title='bbox 436 474 547 540; x_wconf 80' lang='lat' dir='ltr'><strong>Aegaeo</strong></span> <span class='ocrx_word' id='word_1_44' title='bbox 558 470 706 539; x_wconf 72' lang='lat' dir='ltr'><strong>deprendit</strong></span> <span class='ocrx_word' id='word_1_45' title='bbox 717 473 744 522; x_wconf 89' lang='lat' dir='ltr'><strong>in</strong></span> <span class='ocrx_word' id='word_1_46' title='bbox 755 486 879 540; x_wconf 79' lang='lat' dir='ltr'><strong>aequore</strong></span> <span class='ocrx_word' id='word_1_47' title='bbox 889 473 963 524; x_wconf 83' lang='lat' dir='ltr'><strong>navi</strong></span> 
     </span>
     <span class='ocr_line' id='line_1_8' title="bbox 308 540 951 610; baseline -0.002 -15"><span class='ocrx_word' id='word_1_48' title='bbox 308 544 422 606; x_wconf 80' lang='lat' dir='ltr'><strong>Auster,</strong></span> <span class='ocrx_word' id='word_1_49' title='bbox 433 547 463 594; x_wconf 91' lang='lat' dir='ltr'><strong>et</strong></span> <span class='ocrx_word' id='word_1_50' title='bbox 471 543 577 610; x_wconf 76' lang='lat' dir='ltr'>ingenti</span> <span class='ocrx_word' id='word_1_51' title='bbox 587 543 715 593; x_wconf 63' lang='lat' dir='ltr'><strong>innatum</strong></span> <span class='ocrx_word' id='word_1_52' title='bbox 729 540 843 593; x_wconf 85' lang='lat' dir='ltr'><strong>llnmine</strong></span> <span class='ocrx_word' id='word_1_53' title='bbox 853 542 951 594; x_wconf 67' lang='lat' dir='ltr'><strong>solvite</strong></span> 
     </span>
     <span class='ocr_line' id='line_1_9' title="bbox 248 610 956 681; baseline -0.004 -14"><span class='ocrx_word' id='word_1_54' title='bbox 248 612 421 681; x_wconf 69' lang='lat' dir='ltr'><strong>sonoraque</strong></span> <span class='ocrx_word' id='word_1_55' title='bbox 432 618 540 675; x_wconf 80' lang='lat' dir='ltr'><strong>nostru,</strong></span> <span class='ocrx_word' id='word_1_56' title='bbox 550 616 630 663; x_wconf 85' lang='lat' dir='ltr'><strong>tuum</strong></span> <span class='ocrx_word' id='word_1_57' title='bbox 642 610 748 663; x_wconf 77' lang='lat' dir='ltr'><strong>frustra</strong></span> <span class='ocrx_word' id='word_1_58' title='bbox 759 611 956 664; x_wconf 76' lang='lat' dir='ltr'><strong>clementiano</strong></span> 
     </span>
     <span class='ocr_line' id='line_1_10' title="bbox 307 680 956 748; baseline -0.003 -12"><span class='ocrx_word' id='word_1_59' title='bbox 307 683 463 748; x_wconf 83' lang='lat' dir='ltr'><strong>lmplerunt</strong></span> <span class='ocrx_word' id='word_1_60' title='bbox 474 681 583 733; x_wconf 79' lang='lat' dir='ltr'><strong>fluctus.</strong></span> <span class='ocrx_word' id='word_1_61' title='bbox 602 680 666 733; x_wconf 91' lang='lat' dir='ltr'><strong>Non</strong></span> <span class='ocrx_word' id='word_1_62' title='bbox 676 680 745 733; x_wconf 81' lang='lat' dir='ltr'><strong>hoec</strong></span> <span class='ocrx_word' id='word_1_63' title='bbox 755 681 806 732; x_wconf 87' lang='lat' dir='ltr'><strong>tibi</strong></span> <span class='ocrx_word' id='word_1_64' title='bbox 817 683 956 734; x_wconf 80' lang='lat' dir='ltr'><strong>nuntiate</strong></span> 
     </span>
     <span class='ocr_line' id='line_1_11' title="bbox 307 750 958 819; baseline -0.003 -14"><span class='ocrx_word' id='word_1_65' title='bbox 307 752 474 819; x_wconf 79' lang='lat' dir='ltr'><strong>Ambiguusr</strong></span> <span class='ocrx_word' id='word_1_66' title='bbox 490 765 545 802; x_wconf 90' lang='lat' dir='ltr'><strong>non</strong></span> <span class='ocrx_word' id='word_1_67' title='bbox 557 753 611 801; x_wconf 85' lang='lat' dir='ltr'><strong>iste</strong></span> <span class='ocrx_word' id='word_1_68' title='bbox 622 750 866 817; x_wconf 72' lang='lat' dir='ltr'><strong>vaglsrumoribus</strong></span> <span class='ocrx_word' id='word_1_69' title='bbox 877 752 958 803; x_wconf 83' lang='lat' dir='ltr'><strong>audis</strong></span> 
     </span>
     <span class='ocr_line' id='line_1_12' title="bbox 307 819 963 890; baseline -0.002 -17"><span class='ocrx_word' id='word_1_70' title='bbox 307 822 371 886; x_wconf 86' lang='lat' dir='ltr'><strong>lpse</strong></span> <span class='ocrx_word' id='word_1_71' title='bbox 382 834 434 888; x_wconf 81' lang='lat' dir='ltr'><strong>ego</strong></span> <span class='ocrx_word' id='word_1_72' title='bbox 445 819 504 871; x_wconf 80' lang='lat' dir='ltr'><strong>fetu</strong></span> <span class='ocrx_word' id='word_1_73' title='bbox 513 820 564 870; x_wconf 89' lang='lat' dir='ltr'><strong>tibi</strong></span> <span class='ocrx_word' id='word_1_74' title='bbox 575 833 706 886; x_wconf 76' lang='lat' dir='ltr'><strong>praesens</strong></span> <span class='ocrx_word' id='word_1_75' title='bbox 717 835 779 872; x_wconf 79' lang='lat' dir='ltr'><strong>inea</strong></span> <span class='ocrx_word' id='word_1_76' title='bbox 790 819 944 890; x_wconf 79' lang='lat' dir='ltr'><strong>naufragus</strong></span> <span class='ocrx_word' id='word_1_77' title='bbox 961 844 963 866; x_wconf 65' lang='grc' dir='ltr'><strong>ε</strong></span> 
     </span>
     <span class='ocr_line' id='line_1_13' title="bbox 312 887 960 960; baseline 0 -18"><span class='ocrx_word' id='word_1_78' title='bbox 312 889 416 958; x_wconf 78' lang='lat' dir='ltr'><strong>Surge,</strong></span> <span class='ocrx_word' id='word_1_79' title='bbox 429 903 494 958; x_wconf 84' lang='lat' dir='ltr'><strong>nge,</strong></span> <span class='ocrx_word' id='word_1_80' title='bbox 509 887 546 940; x_wconf 85' lang='lat' dir='ltr'><strong>du</strong></span> <span class='ocrx_word' id='word_1_81' title='bbox 561 889 704 952; x_wconf 70' lang='lat' dir='ltr'><strong>lacrimas,</strong></span> <span class='ocrx_word' id='word_1_82' title='bbox 719 889 905 960; x_wconf 80' lang='lat' dir='ltr'><strong>lugubriaque</strong></span> <span class='ocrx_word' id='word_1_83' title='bbox 918 892 960 942; x_wconf 89' lang='lat' dir='ltr'><strong>in</strong></span> 
     </span>
    </p>
   </div>
   <div class='ocr_carea' id='block_1_2' title="bbox 138 974 958 1484">
    <p class='ocr_par' dir='ltr' id='par_1_2' title="bbox 725 974 832 1012">
     <span class='ocr_line' id='line_1_14' title="bbox 725 974 832 1012; baseline 0.019 -2"><span class='ocrx_word' id='word_1_84' title='bbox 725 975 777 1011; x_wconf 88' lang='lat' dir='ltr'><strong>neo</strong></span> <span class='ocrx_word' id='word_1_85' title='bbox 787 974 832 1012; x_wconf 84' lang='lat' dir='ltr'><strong>ine</strong></span> 
     </span>
    </p>

    <p class='ocr_par' dir='ltr' id='par_1_3' title="bbox 138 1014 963 1378">
     <span class='ocr_line' id='line_1_15' title="bbox 138 1014 916 1102; baseline 0.001 -21"><span class='ocrx_word' id='word_1_86' title='bbox 138 1014 143 1026; x_wconf 76' lang='grc'>’</span> <span class='ocrx_word' id='word_1_87' title='bbox 249 1027 517 1102; x_wconf 74' lang='lat' dir='ltr'><strong>⁶701nuepioratum</strong></span> <span class='ocrx_word' id='word_1_88' title='bbox 528 1027 579 1080; x_wconf 83' lang='lat' dir='ltr'><strong>sub</strong></span> <span class='ocrx_word' id='word_1_89' title='bbox 589 1028 683 1079; x_wconf 79' lang='lat' dir='ltr'><strong>inania</strong></span> <span class='ocrx_word' id='word_1_90' title='bbox 692 1029 813 1080; x_wconf 78' lang='lat' dir='ltr'><strong>Tartaru</strong></span> <span class='ocrx_word' id='word_1_91' title='bbox 824 1030 916 1082; x_wconf 86' lang='lat' dir='ltr'><strong>mitte.</strong></span> 
     </span>
     <span class='ocr_line' id='line_1_16' title="bbox 308 1097 935 1166; baseline -0.002 -14"><span class='ocrx_word' id='word_1_92' title='bbox 308 1100 409 1152; x_wconf 78' lang='lat' dir='ltr'><strong>Adiicit</strong></span> <span class='ocrx_word' id='word_1_93' title='bbox 419 1097 461 1149; x_wconf 85' lang='lat' dir='ltr'><strong>his</strong></span> <span class='ocrx_word' id='word_1_94' title='bbox 470 1113 565 1150; x_wconf 82' lang='lat' dir='ltr'><strong>vocern</strong></span> <span class='ocrx_word' id='word_1_95' title='bbox 577 1097 744 1166; x_wconf 82' lang='lat' dir='ltr'><strong>Morpheus,</strong></span> <span class='ocrx_word' id='word_1_96' title='bbox 756 1114 839 1166; x_wconf 80' lang='lat' dir='ltr'><strong>quern</strong></span> <span class='ocrx_word' id='word_1_97' title='bbox 850 1101 935 1152; x_wconf 90' lang='lat' dir='ltr'><strong>conlu</strong></span> 
     </span>
     <span class='ocr_line' id='line_1_17' title="bbox 310 1168 949 1237; baseline 0 -15"><span class='ocrx_word' id='word_1_98' title='bbox 310 1169 443 1222; x_wconf 83' lang='lat' dir='ltr'><strong>Crederet</strong></span> <span class='ocrx_word' id='word_1_99' title='bbox 453 1183 514 1220; x_wconf 86' lang='lat' dir='ltr'><strong>esse</strong></span> <span class='ocrx_word' id='word_1_100' title='bbox 525 1169 577 1219; x_wconf 89' lang='lat' dir='ltr'><strong>sui.</strong></span> <span class='ocrx_word' id='word_1_101' title='bbox 598 1168 695 1222; x_wconf 83' lang='lat' dir='ltr'><strong>Fletus</strong></span> <span class='ocrx_word' id='word_1_102' title='bbox 706 1182 816 1237; x_wconf 86' lang='lat' dir='ltr'><strong>quoque</strong></span> <span class='ocrx_word' id='word_1_103' title='bbox 828 1168 949 1222; x_wconf 80' lang='lat' dir='ltr'><strong>fundere</strong></span> 
     </span>
     <span class='ocr_line' id='line_1_18' title="bbox 311 1234 958 1307; baseline -0.003 -14"><span class='ocrx_word' id='word_1_104' title='bbox 311 1234 394 1294; x_wconf 82' lang='lat' dir='ltr'><strong>Visus</strong></span> <span class='ocrx_word' id='word_1_105' title='bbox 405 1244 479 1291; x_wconf 85' lang='lat' dir='ltr'><strong>erat:</strong></span> <span class='ocrx_word' id='word_1_106' title='bbox 494 1244 660 1307; x_wconf 84' lang='lat' dir='ltr'><strong>gestumque</strong></span> <span class='ocrx_word' id='word_1_107' title='bbox 671 1254 769 1291; x_wconf 81' lang='lat' dir='ltr'><strong>uranus</strong></span> <span class='ocrx_word' id='word_1_108' title='bbox 781 1240 880 1306; x_wconf 84' lang='lat' dir='ltr'><strong>Ceycis</strong></span> <span class='ocrx_word' id='word_1_109' title='bbox 891 1237 958 1291; x_wconf 85' lang='lat' dir='ltr'><strong>hab</strong></span> 
     </span>
     <span class='ocr_line' id='line_1_19' title="bbox 308 1306 957 1378; baseline -0.008 -14"><span class='ocrx_word' id='word_1_110' title='bbox 308 1306 429 1378; x_wconf 85' lang='lat' dir='ltr'><strong>ingemit</strong></span> <span class='ocrx_word' id='word_1_111' title='bbox 437 1308 587 1376; x_wconf 75' lang='lat' dir='ltr'><strong>Halcyone</strong></span> <span class='ocrx_word' id='word_1_112' title='bbox 598 1308 760 1372; x_wconf 78' lang='lat' dir='ltr'><strong>lacrimans,</strong></span> <span class='ocrx_word' id='word_1_113' title='bbox 770 1314 917 1376; x_wconf 87' lang='lat' dir='ltr'><strong>rnotntque</strong></span> <span class='ocrx_word' id='word_1_114' title='bbox 928 1306 957 1359; x_wconf 81' lang='lat' dir='ltr'><strong>le</strong></span> 
     </span>
    </p>

    <p class='ocr_par' dir='ltr' id='par_1_4' title="bbox 248 1375 956 1484">
     <span class='ocr_line' id='line_1_20' title="bbox 248 1375 956 1484; baseline -0.001 -54"><span class='ocrx_word' id='word_1_115' title='bbox 248 1375 298 1449; x_wconf 80' lang='lat'><strong>675</strong></span> <span class='ocrx_word' id='word_1_116' title='bbox 309 1379 364 1432; x_wconf 87' lang='lat' dir='ltr'><strong>Per</strong></span> <span class='ocrx_word' id='word_1_117' title='bbox 374 1394 514 1431; x_wconf 83' lang='lat' dir='ltr'><strong>somnum:</strong></span> <span class='ocrx_word' id='word_1_118' title='bbox 525 1393 680 1447; x_wconf 86' lang='lat' dir='ltr'><strong>corpusque</strong></span> <span class='ocrx_word' id='word_1_119' title='bbox 687 1386 783 1445; x_wconf 86' lang='lat' dir='ltr'><strong>petens</strong></span> <span class='ocrx_word' id='word_1_120' title='bbox 790 1380 956 1484; x_wconf 62' lang='lat' dir='ltr'><strong>conplectitu</strong></span> 
     </span>
    </p>
   </div>
   <div class='ocr_carea' id='block_1_3' title="bbox 308 1447 962 1602">
    <p class='ocr_par' dir='ltr' id='par_1_5' title="bbox 308 1447 962 1602">
     <span class='ocr_line' id='line_1_21' title="bbox 308 1447 962 1517; baseline -0.003 -16"><span class='ocrx_word' id='word_1_121' title='bbox 308 1448 624 1517; x_wconf 75' lang='lat' dir='ltr'><strong>Exclomntque,liene.</strong></span> <span class='ocrx_word' id='word_1_122' title='bbox 645 1448 707 1511; x_wconf 80' lang='lat' dir='ltr'><strong>Quo</strong></span> <span class='ocrx_word' id='word_1_123' title='bbox 718 1453 747 1499; x_wconf 90' lang='lat' dir='ltr'><strong>te</strong></span> <span class='ocrx_word' id='word_1_124' title='bbox 757 1449 847 1514; x_wconf 81' lang='lat' dir='ltr'><strong>rapis.</strong></span> <span class='ocrx_word' id='word_1_125' title='bbox 863 1447 933 1499; x_wconf 84' lang='lat' dir='ltr'><strong>ibim</strong></span> <span class='ocrx_word' id='word_1_126' title='bbox 960 1472 962 1475; x_wconf 94' lang='lat'>·</span> 
     </span>
     <span class='ocr_line' id='line_1_22' title="bbox 311 1516 952 1602; baseline -0.005 -29"><span class='ocrx_word' id='word_1_127' title='bbox 311 1521 387 1574; x_wconf 85' lang='lat' dir='ltr'><strong>Voce</strong></span> <span class='ocrx_word' id='word_1_128' title='bbox 398 1534 462 1582; x_wconf 83' lang='lat' dir='ltr'><strong>sue,</strong></span> <span class='ocrx_word' id='word_1_129' title='bbox 474 1518 622 1602; x_wconf 79' lang='lat' dir='ltr'><strong>specieque</strong></span> <span class='ocrx_word' id='word_1_130' title='bbox 631 1516 808 1601; x_wconf 69' lang='lat' dir='ltr'><strong>uiuiturbnto</strong></span> <span class='ocrx_word' id='word_1_131' title='bbox 817 1531 952 1584; x_wconf 88' lang='lat' dir='ltr'><strong>soporem</strong></span> 
     </span>
    </p>
   </div>
   <div class='ocr_carea' id='block_1_4' title="bbox 308 1586 936 1627">
    <p class='ocr_par' dir='ltr' id='par_1_6' title="bbox 308 1586 936 1627">
     <span class='ocr_line' id='line_1_23' title="bbox 308 1586 936 1627; baseline 0 -1"><span class='ocrx_word' id='word_1_132' title='bbox 308 1589 436 1627; x_wconf 63' lang='lat' dir='ltr'><strong>Evnrriii·</strong></span> <span class='ocrx_word' id='word_1_133' title='bbox 452 1593 481 1626; x_wconf 72' lang='lat' dir='ltr'><strong>ni</strong></span> <span class='ocrx_word' id='word_1_134' title='bbox 490 1589 580 1626; x_wconf 79' lang='lat' dir='ltr'><strong>nrimn</strong></span> <span class='ocrx_word' id='word_1_135' title='bbox 591 1603 613 1626; x_wconf 74' lang='grc' dir='ltr'>αι</span> <span class='ocrx_word' id='word_1_136' title='bbox 626 1593 663 1626; x_wconf 76' lang='lat' dir='ltr'><strong>rui</strong></span> <span class='ocrx_word' id='word_1_137' title='bbox 673 1588 860 1626; x_wconf 73' lang='lat' dir='ltr'><strong>nsumrmnninil</strong></span> <span class='ocrx_word' id='word_1_138' title='bbox 869 1586 936 1626; x_wconf 11' lang='lat' dir='ltr'><strong>illini</strong></span> 
     </span>
    </p>
   </div>
   <div class='ocr_carea' id='block_1_5' title="bbox 0 0 981 3016">
    <p class='ocr_par' dir='ltr' id='par_1_7' title="bbox 0 0 981 3016">
     <span class='ocr_line' id='line_1_24' title="bbox 0 0 981 3016; baseline 0 0"><span class='ocrx_word' id='word_1_139' title='bbox 0 0 981 3016; x_wconf 95' lang='lat' dir='ltr'><strong> </strong></span> 
     </span>
    </p>
   </div>
  </div>
 </body>
</html>
