1926 3016
128 144 182 201 aso
313 138 345 193 ι’.
363 136 505 209 ovibu
526 133 711 191 ursonis

127 249 185 303 Nee
197 260 261 314 par,
271 249 321 296 aut
331 241 429 295 eadem
440 245 596 292 noeturnae
606 238 700 292 forma
709 240 807 294 Diana

127 308 807 383 Essepotestasquumasemperquebodiernaseq

129 387 159 441 Si
170 385 453 448 erescit,n1inorest;
469 381 571 441 uiator,
581 380 605 429 si
616 379 762 431 coenabit
772 396 806 432 or

128 454 220 521 Quidl
236 472 291 506 non
303 455 331 504 in
342 452 448 518 speeies
457 448 608 501 succedero
619 455 741 516 quatuor
752 465 807 503 ann

69 546 118 582 200
127 527 267 593 Adspicis,
278 528 378 575 aetatis
389 532 568 587 peragentem
578 520 739 571 inritamina
751 535 803 572 nos

129 598 202 651 Natu
212 601 307 655 tener,
318 597 346 643 et
357 591 476 651 lactens,
488 589 624 656 puerique
633 588 799 645 simillimus

128 669 204 722 Vere
215 678 288 716 novo
299 667 350 713 est.
361 663 441 711 'l'unc
450 657 807 717 lierbauiteusetroborisl

130 739 253 802 Turget,
264 738 293 784 et
302 729 424 781 insolida
436 734 491 792 est3
508 734 536 779 et
546 744 594 794 spe
605 728 730 781 delectat
740 745 808 799 agre

130 806 231 859 Omnia
241 811 300 853 tum
311 799 426 863 iloront3
442 798 600 866 durumque
610 798 755 851 coloribus
764 800 808 852 alu

71 877 118 931 205
128 874 213 928 Ridet
218 888 297 941 ager:
305 867 490 938 nequeadliuc
496 870 618 919 virtusin
625 868 776 921 frondibus
782 871 808 921 ul

130 945 245 999 Transit
256 944 284 993 in
294 942 434 992 Aestatem
446 945 510 1006 post
522 938 590 1001 Ver,
601 940 746 991 robustior
755 941 808 992 dui

128 1017 230 1083 Fitque
240 1011 337 1062 valens
348 1011 468 1061 iuvenisz
482 1010 656 1077 nequeenim
668 1011 808 1063 robustior

128 1084 203 1147 Vlla,
215 1098 267 1135 uec
278 1081 401 1133 uberior:
413 1096 472 1143 nee,
483 1080 808 1148 quaemagisaestuetul

129 1155 241 1221 Excipit
250 1154 420 1209 Autumnus,
431 1152 522 1218 posito
535 1149 644 1202 feruore
656 1150 791 1204 iuventae

72 1244 122 1279 aio
131 1227 261 1278 Maturus
267 1259 276 1286 ,
287 1213 430 1290 mitisqbe,
440 1223 514 1271 inter
524 1223 707 1288 iuvenemque
717 1236 808 1273 senen

131 1294 281 1361 Temperie
291 1292 413 1357 medius,
424 1293 528 1359 sparsis
538 1305 589 1357 per
598 1296 729 1357 tempora
740 1292 809 1343 cauit

131 1365 201 1418 Inde
212 1363 306 1415 senilis
317 1363 416 1413 lliems
427 1361 547 1413 tremulo
559 1362 635 1413 veuit
644 1359 764 1413 horrida
773 1376 809 1429 pa

130 1439 188 1490 Aut
198 1434 318 1500 spoliata
328 1448 407 1495 suos,
418 1437 481 1494 aut,
492 1446 561 1499 quos
573 1430 670 1493 babet,
681 1430 748 1483 alba
757 1447 809 1499 cap

133 1502 809 1570 Nosti-aquaqueipsorumseritporuequiequesiu

74 1576 121 1629 215
133 1575 259 1637 Corpora
268 1576 428 1620 uertuntur:
447 1587 498 1621 nee
509 1572 583 1637 (quod
595 1570 748 1634 fuimusve,
765 1587 809 1623 sur

132 1645 199 1694 Cras
211 1643 322 1693 erimus.
343 1639 409 1689 Fuit
419 1640 468 1690 illa
480 1641 552 1703 dies,
563 1657 618 1708 qua
628 1642 736 1692 semina
747 1647 809 1693 tant

132 1713 257 1780 Spesque
274 1707 417 1759 hominum
434 1712 541 1776 primae
558 1717 684 1763 subterna
698 1711 809 1764 habitas

550 1781 622 1842 alva,

131 1851 259 1904 Artifices
269 1848 377 1901 Natura
389 1865 487 1900 manus
498 1851 630 1901 minuunt:
646 1855 676 1900 ot
687 1853 753 1918 angi

132 1923 257 1987 Corpora
267 1922 421 1972 visceribus
433 1921 569 1971 distentae
581 1920 693 1972 eoiidita
705 1923 805 1972 matris

74 2010 120 2043 120
131 1991 243 2052 Noluit,
255 2006 325 2057 eque
337 1990 419 2039 donno
430 2006 530 2040 vacuas
541 1992 632 2040 ‹ndsit
643 1991 669 2038 in
683 2004 777 2041 aurat.

130 2062 230 2112 Editus
242 2062 269 2109 in
284 2060 371 2110 lucem
384 2062 470 2109 incinit
481 2062 539 2110 sine
552 2062 654 2110 viribus
666 2061 774 2111 iulanst

129 2130 199 2181 ntor
210 2129 378 2196 quadrupes,
386 2130 496 2196 rituque
504 2129 623 2179 tulitsna
631 2129 810 2182 menibrafer.

130 2198 326 2266 Paulatimque
339 2205 476 2259 tremens,
486 2205 515 2249 ot
526 2200 648 2249 nontltlnl
660 2201 768 2266 poplite
780 2202 810 2252 fir

63 2262 68 2274 '
132 2269 276 2329 Constitit,
288 2267 391 2317 adiutis
402 2268 495 2334 aliquo
506 2271 649 2319 conamine
662 2271 762 2320 tressis.

72 2337 198 2389 ¹225111110
210 2338 304 2387 valens
315 2337 452 2402 veloxque
466 2338 530 2387 fuit:
547 2340 724 2406 spatiumque
735 2342 811 2392 iuver

131 2406 254 2469 Transit,
267 2415 302 2468 et,
314 2409 433 2457 emensis
446 2408 527 2457 aredii
540 2424 651 2475 quoque
661 2412 799 2477 temporis

50 2476 53 2480 ’
130 2474 250 2526 Labitur
261 2476 393 2527 occiduae
405 2492 454 2542 per
465 2479 518 2528 iter
529 2478 634 2530 dedite
646 2484 786 2532 senectae.

131 2544 247 2595 Subruit
258 2544 395 2596 haeraesi
421 2546 627 2615 demoliturque
640 2550 741 2614 prioris

130 2614 255 2664 Robora:
272 2614 376 2680 fletque
389 2616 477 2666 Milon
489 2620 582 2668 senior
588 2655 595 2679 ,
607 2635 668 2669 curn
681 2621 810 2686 spectati

76 2683 120 2735 ibo
128 2682 210 2750 lllos,
221 2685 267 2754 qui
278 2683 391 2737 fuerant
400 2687 553 2740 solidorum
567 2689 640 2740 mole
650 2695 779 2743 tororum
