1926 3016
142 127 191 184 1⁷0
336 123 524 227 P30v1u11
546 123 726 180 NASONIS

136 231 258 294 Discite,
269 227 398 284 femineis
408 229 475 299 quid
487 229 546 283 tela
554 228 648 282 virilia
657 235 814 297 praestent,

136 302 174 355 0!
190 303 317 364 iuvenes,
328 314 345 353 o
382 301 462 368 rique
472 313 535 353 meo
546 300 703 368 concedite,
715 300 798 355 dixit.

136 374 199 439 lpsa
209 373 266 422 suis
276 369 343 421 licet
372 384 426 421 unc
435 369 557 421 Latonia
566 375 700 438 protegat
709 371 812 437 armis3

77 441 127 512 595
137 443 220 494 Hunc
230 445 325 491 tamen
336 440 423 492 inrita
433 440 554 506 perimet
562 454 626 492 mea
634 440 740 493 dextra
749 440 850 497 nime.

137 511 220 564 Talia
230 507 408 578 magniloquo
418 509 543 561 tumidus
553 515 760 563 memoraverat
769 525 832 565 ure:

138 581 348 700 Ancipiternfflre
359 593 442 630 manu
452 578 555 631 tollens
566 584 687 649 utraque
696 583 830 647 securim,

137 652 284 704 Institerat

139 723 266 787 Occupat
276 717 424 781 audacem,
435 732 542 787 quaque
554 724 598 771 est
607 720 654 770 via
664 721 798 787 proxima
806 720 870 785 leto,

78 793 127 845 4ου
141 791 254 843 Summa
265 786 342 840 serus
350 788 477 857 geminos
488 788 591 840 direxit
600 789 629 840 in
639 789 758 859 inguina
768 789 870 843 dentes.

139 859 268 912 Concidit
276 858 413 910 Ancaeus:
428 858 640 927 glomerataque
651 862 791 929 sanguine
802 858 870 913 mult

138 931 257 983 Viscera
266 927 344 996 lapsa
353 925 456 979 fluunt:
472 927 686 998 madefactaque
696 933 778 984 tarra
788 942 870 984 mutu

247 1038 249 1043 s
556 1003 609 1050 est.

138 1068 241 1121 lbatin
250 1065 411 1131 adversum,
421 1065 515 1135 proles
529 1067 650 1132 Ixionis,
659 1065 773 1123 hostem

140 1135 295 1203 Pirithous,
305 1136 398 1197 satida
408 1138 538 1206 quatiens
550 1136 686 1190 venabula
696 1139 806 1193 dextre.

80 1204 128 1259 405
140 1209 191 1260 Cui
201 1206 302 1276 procul
310 1206 443 1277 Aegides,
453 1206 489 1260 01
501 1222 546 1260 me
555 1205 623 1258 mihi
633 1208 742 1274 carior,
752 1208 850 1279 inquii,

139 1278 208 1331 Pars
219 1280 328 1331 animae
340 1278 462 1331 consiste
472 1293 562 1333 meae:
577 1276 646 1330 licet
656 1280 766 1331 eminus
776 1293 837 1333 csse

139 1349 282 1403 Fortibus:
299 1348 409 1401 Ancaeo
419 1348 515 1400 nocuit
526 1348 676 1401 temeraria
685 1349 785 1401 virtus.

139 1418 232 1470 Dixit:
249 1423 278 1470 et
288 1423 386 1471 aerata
395 1418 478 1469 torsit
486 1433 571 1487 grave
582 1416 697 1485 cuspide
707 1432 836 1472 cornum:

139 1487 201 1550 Quo
212 1487 282 1538 bene
292 1486 476 1551 librato‚voti
497 1503 532 1540 ue
541 1492 656 1555 potente
667 1486 776 1553 futuro,
822 1504 857 1561 s.

79 1559 130 1610 410
141 1557 258 1608 Obstitit
267 1554 398 1608 aesculea
408 1503 559 1610 frondosus
570 1557 605 1610 ab
615 1558 719 1612 arbom
728 1572 831 1611 ramus.

138 1625 219 1678 Misit
229 1630 258 1677 et
267 1625 420 1679 Aesonides
430 1626 566 1679 iaculum:
580 1627 655 1695 quod
665 1643 749 1693 casus
759 1629 794 1681 ab
804 1624 851 1679 ilic

139 1696 234 1750 Vertit
242 1696 271 1746 in
281 1696 414 1749 inimeriti
425 1695 514 1749 fatum
525 1697 669 1762 latrantis,
680 1702 721 1762 et,
730 1692 819 1751 intet·
830 1723 833 1727 ·

137 1767 191 1817 llia
202 1767 371 1829 coniectum,
381 1766 484 1819 tellure
495 1783 545 1835 per
555 1767 605 1819 ilia
614 1768 702 1820 fixum
712 1774 766 1821 est

139 1839 176 1890 At
186 1850 284 1886 manus
295 1834 419 1888 Oenidae
429 1838 533 1890 variat:
549 1837 697 1905 missisque
709 1836 826 1901 duabus,

78 1907 128 1962 415
139 1908 229 1958 Hasta
239 1906 317 1973 prior
326 1909 419 1970 terra,
429 1907 521 1959 medio
532 1906 612 1959 stetit
622 1907 714 1960 altera
724 1912 815 1977 tergo.

138 1974 870 2047 Necmora:dumsaevitdun:corporaverpatinorbct

139 2046 367 2115 stridentemque
378 2061 450 2098 novo
458 2062 583 2114 spumam
589 2062 652 2099 cum
657 2046 795 2114 sanguine
801 2038 870 2096 fudi

138 2117 272 2169 Vulneris
283 2121 380 2168 auctor
391 2117 483 2170 adest:
494 2116 603 2170 hostem
624 2132 659 2168 ue
669 2117 767 2167 irritat
776 2114 813 2166 ad
821 2114 870 2164 ira:

139 2184 347 2254 splendidaque
358 2185 490 2239 adversos
501 2133 639 2239 venabuza
648 2185 744 2238 condit
753 2186 784 2236 in
793 2193 870 2237 mmo

79 2259 129 2312 420
141 2254 252 2308 Gaudia
262 2260 402 2308 testantur
411 2257 480 2309 socii
491 2255 613 2309 clamore
624 2255 763 2319 secundo:

138 2325 347 2395 victricemque
356 2331 456 2393 petunt
465 2326 580 2381 dextrae
591 2322 870 2394 coniungeredextnt

139 2394 346 2463 immanemque
357 2394 449 2448 ferum
459 2394 550 2449 multa
559 2395 662 2449 tellure
672 2395 814 2448 iacentem

140 2463 278 2516 Mirantes
288 2469 429 2532 spectant:
441 2481 531 2534 neque
541 2464 632 2518 adhuc
642 2468 807 2533 contingere
818 2462 870 2513 tutu

140 2533 210 2585 Esse
219 2539 334 2601 putant3
345 2535 394 2588 sed
404 2534 464 2587 tela
472 2539 566 2588 tamen
573 2534 870 2603 suaquisquecruenm

68 2603 123 2658 425
131 2605 198 2675 Ipse
207 2604 284 2677 pede
295 2606 429 2679 imposito
440 2612 526 2674 caput
535 2604 678 2657 emmanue
682 2603 799 2668 pressit:

122 2678 223 2751 Atque
233 2680 294 2751 ita,
305 2678 398 2738 Sume
407 2667 870 2748 menqqnnmmunacdusxudu

314 648 401 716 'gitis
411 649 516 715 primos
526 664 680 717 suspensus
689 650 720 701 in
731 655 823 703 artus.
