1926 3016
157 106 582 165 METAMORPHOSEON
597 111 679 166 mu.
698 111 751 167 Ν.
802 112 836 166 87

70 216 262 284 Diversaeque
271 215 341 269 lucia
351 215 430 283 ignea
439 230 472 268 ae
481 216 588 267 lumina
597 216 694 269 vitant

71 287 200 357 Dumque
209 290 312 354 petunt
321 286 457 350 latebram
472 299 573 353 parrer
582 286 744 341 membrana
751 301 803 357 per

139 386 143 393 ·
487 359 566 406 artus

71 423 242 493 Porrigitur,
252 425 385 493 tenuique
396 423 504 476 inducit
513 421 628 475 brachia
637 439 736 492 penna.

70 492 138 557 Nee,
148 507 208 562 que
216 495 391 559 perdiderint
402 500 523 546 veterem
534 495 643 547 ratione
653 496 672 546 ii
712 510 780 559 rum,

71 561 145 617 Scire
157 563 256 614 sinunt
265 563 405 616 tenebrae.
426 563 489 616 Non
500 563 563 615 illan
574 563 669 630 pluma
690 566 793 618 eraritr
842 569 893 623 410

70 630 234 685 Sustinuere
244 637 338 687 tamen
349 649 379 686 ue
390 634 597 701 perlucentibus
607 634 669 686 alie.

70 702 249 770 conataeque
260 702 350 772 loqui,
360 705 502 755 minimam
513 719 564 770 pro
575 718 692 771 corpore
704 718 799 757 rocem

69 772 222 824 Emittuntr
237 779 430 841 peraguntque
441 774 494 825 levi
505 773 626 826 stridore
636 774 775 841 querelae.

69 842 222 910 Tectaque,
232 856 288 894 non
297 842 552 905 silvane-alemani:
564 843 710 912 lucemque
717 858 834 911 perosae

68 909 273 964 inuenerant:
288 926 406 980 ueroque
416 911 558 965 trahente
568 928 680 980 vespere
691 928 802 966 nunren.
842 914 894 970 415

98 982 174 1033 Tum
183 994 252 1032 vero
262 982 332 1031 totis
342 980 443 1034 Baeclri
454 982 634 1035 memorabile
644 981 750 1035 'l'hebia

67 1048 176 1104 Numen
186 1054 264 1113 erat3
280 1066 450 1117 magnasque
460 1053 524 1102 nevi
535 1058 688 1104 matertera
696 1054 771 1104 vires

67 1118 172 1173 Narrat
181 1120 287 1187 ubique
297 1119 364 1170 Dei:
380 1119 415 1170 de
425 1124 522 1186 totque
532 1122 674 1171 sororibus
685 1134 785 1187 expers

68 1186 125 1240 Vna
134 1188 247 1240 doloris
257 1194 331 1251 erat,
343 1189 395 1238 nisi
407 1203 489 1256 quem
501 1186 591 1240 fecere
601 1202 722 1239 sorores.

66 1258 190 1327 Adspicit
200 1256 274 1310 hane
282 1255 559 1379 natis,tlmlemgque
568 1255 744 1309 Athamantis
754 1257 799 1310 ha·
843 1263 894 1318 420

506 1332 599 1378 entem

67 1394 209 1451 sublimes
220 1395 341 1459 animer,
352 1400 382 1448 et
391 1395 505 1448 alumno
516 1397 644 1460 numine,
654 1397 739 1461 lun03

66 1465 121 1520 Nee
130 1466 214 1518 tulit:
229 1470 258 1518 et
268 1482 374 1528 seeum,
384 1464 481 1518 Potuit
490 1466 525 1518 de
535 1465 636 1532 pellice
646 1471 730 1517 natur

69 1536 187 1591 Vertere
197 1535 357 1598 Maeonius,
372 1535 526 1603 pelagoque
536 1537 713 1603 immergere,
724 1542 832 1600 nautas,

65 1602 709 1669 litlaeerundasuaenatidareviuceramatrl‚

64 1674 693 1742 Ettripliceaoperirenorisliiinyeidaaalirr
840 1677 892 1732 425

64 1744 111 1797 Nil
121 1745 231 1811 poturit
240 1744 325 1808 luno,
335 1744 388 1794 nisi
399 1744 504 1796 inultos
514 1744 581 1796 llere
592 1741 725 1797 dolores!

64 1813 153 1882 idque
163 1810 232 1864 mihi
243 1814 311 1864 satia
322 1811 382 1865 eati
391 1810 460 1866 haec
470 1830 526 1865 una
534 1815 662 1881 putentia
670 1811 832 1867 noamaesti

65 1884 127 1950 ipre
138 1882 235 1945 (locet,
245 1883 313 1949 quid
322 1898 417 1951 agam3
434 1883 476 1934 iau
486 1887 529 1936 est
540 1887 569 1935 et
579 1886 613 1936 ab
624 1883 704 1935 horte
715 1882 822 1935 doceri:

65 1952 197 2019 Quidque
207 1949 400 2016 renouarent,
411 1950 536 2005 Penthea
546 1953 630 2004 caede
640 1953 764 2019 ratisque

65 2022 341 2087 Aeaupereatenuit.
362 2021 782 2088 Curnonrtlnruletur‚eatqua
840 2023 892 2074 430

65 2090 120 2145 l‘er
130 2093 253 2157 regnata
261 2092 318 2142 ruis
329 2092 458 2158 exempla
468 2091 611 2142 furoribus
619 2087 687 2143 lnoi

97 2160 151 2213 Eri
159 2160 206 2211 ria
217 2158 330 2227 declivia
341 2159 451 2212 funesta
461 2160 558 2212 nubila
567 2165 648 2212 taxo:

65 2227 704 2296 Ducitadiniemaupermutasileutiaeedes.

66 2296 138 2367 Styx
152 2295 270 2350 nebulus
280 2296 489 2352 exhalatinersr
504 2301 676 2367 umbraeque
687 2301 815 2351 recenter

66 2366 248 2421 Descendunt
256 2367 333 2431 illae,
343 2368 549 2438 simulacraque
560 2368 657 2422 iuncta
666 2367 810 2435 repulerit.
841 2365 892 2422 435

66 2435 328 2505 PallorHiemeque
338 2438 503 2491 tenentlute
513 2439 678 2492 lucutenta:
695 2440 823 2507 novique,

66 2506 128 2570 Qua
137 2508 176 2559 ait
185 2507 249 2569 iter,
258 2521 364 2570 manea,
371 2506 498 2574 Stygium
510 2508 585 2575 quod
596 2507 672 2559 duait
682 2506 718 2560 ad
726 2508 833 2570 urbem,

65 2574 216 2644 Ignorantt
230 2576 278 2628 ubi
289 2577 326 2627 tit
335 2577 409 2645 nigri
419 2575 480 2629 sera
490 2577 569 2644 regia
579 2575 662 2628 Ditis.

66 2644 149 2699 uirile
159 2658 248 2715 rapu
257 2645 362 2713 editur,
371 2652 402 2701 et
411 2651 523 2716 apertur
532 2645 655 2716 undique
664 2650 762 2715 portae
