1926 3016
90 152 506 208 maramonl’nosaon
522 154 601 207 LlB.
620 156 690 210 xll.
721 157 773 236 7271

46 272 75 310 se
83 256 174 320 solet3
188 261 252 308 utve
262 255 353 323 liquor
362 257 419 306 rari
428 254 479 307 sub
491 256 615 322 pondere
623 259 707 310 cribri

46 331 130 388 anat,
140 329 170 377 et
179 325 344 390 exprimitur
353 337 402 389 per
413 323 499 375 densa
508 324 644 375 foramina
653 329 764 392 spissus.

46 403 66 446 rt
76 409 143 462 ego,
154 393 220 445 dum
230 397 310 459 parat
320 389 392 443 hune
400 392 484 443 umis
494 392 599 445 nudare
608 389 751 459 iacentem,

46 460 215 515 rittuushne
243 462 346 521 enitor,
354 458 477 525 gladium
487 460 631 526 spoliantis
640 463 668 512 in
678 464 734 514 ima
789 463 833 515 440

46 531 185 584 ‚ademisi
206 477 358 581 ultionum
368 540 492 595 quoque,
503 529 694 598 Teleboasque

47 615 90 653 nse
100 601 194 651 lacent
203 601 307 648 nostro.
327 596 445 647 Remum
454 598 532 662 prior
542 597 590 650 ille
599 598 737 650 bifurcum
777 652 779 658 ,

46 672 163 722 esserat=
178 666 222 717 hie
231 663 363 716 iaculum.
382 665 477 717 laculo
488 665 554 716 mihi
564 667 679 718 vulnera
690 668 764 719 fecit.

47 735 201 806 gnavidesa
218 739 334 800 apparet
344 731 434 784 adhue
443 739 522 786 vetus
532 750 595 787 ecee
606 736 729 787 cicatrix.

46 821 97 858 une
107 818 160 872 ego
171 803 320 854 debueram
331 803 464 868 capienda
474 804 509 854 ad
519 803 656 872 Pergama
664 807 750 857 mitti:
786 808 834 859 445

46 890 96 927 une
106 878 231 940 poteram
242 872 349 938 magni,
359 872 382 921 si
393 886 448 922 non
457 887 602 938 superare,
612 876 715 925 morari

46 943 148 996 esteris
158 955 235 992 arma
245 941 321 991 meis.
341 939 395 992 llln
406 941 455 993 sed
465 946 592 1008 tempore
602 943 704 1007 nullus,

47 1018 71 1064 rt
80 1025 162 1080 puer,
171 1011 277 1061 Hector
287 1013 356 1061 erat.
371 1009 451 1061 Nunc
460 1026 504 1062 me
515 1026 578 1064 mea
587 1011 680 1063 delicit
690 1018 774 1064 aetas.

47 1081 90 1134 nid
99 1081 153 1131 tibi
163 1080 296 1130 viatorem
306 1080 409 1146 gemini
419 1078 587 1146 Periphanta
597 1079 708 1146 Pyreti;

47 1164 142 1218 npyea
152 1146 218 1216 quid
227 1145 366 1199 referam?
381 1148 428 1213 qui
438 1147 670 1214 quadrupedantis
681 1149 759 1201 0ch
787 1151 836 1201 450

47 1221 91 1270 nit
101 1220 131 1270 ln
141 1217 256 1269 adverso
268 1231 382 1268 cornum
392 1218 451 1267 sine
462 1216 576 1281 cuspide
586 1215 673 1266 vultu.

47 1293 105 1341 nete
115 1283 323 1340 Pelethronium
334 1286 481 1336 Macareus
490 1286 518 1334 in
529 1289 625 1350 peetus
636 1285 734 1336 adactu

47 1359 123 1409 ravit
132 1354 312 1421 Erigdupum.
332 1353 448 1404 Memini
458 1359 487 1404 et
497 1352 631 1403 venabula
641 1353 722 1403 condi

48 1427 147 1494 guina,
159 1423 268 1474 Nesseis
278 1422 404 1472 manibus
414 1423 552 1483 coniecta,
563 1421 680 1487 Cymeli.

47 1511 73 1547 es
84 1499 117 1545 tu
128 1491 278 1544 credideris
287 1496 395 1542 tantum
407 1491 538 1542 cecinisse
549 1490 643 1541 futura
786 1492 834 1542 455

47 1561 337 1696 illilffiallltlla
347 1559 737 1695 dlllldllililll

47 1703 58 1752 l
69 1665 195 1752 mentum
205 1698 312 1766 lingua,
322 1701 470 1765 mentoque
482 1697 516 1748 ad
526 1703 642 1765 guttura
650 1665 715 1750 lixo.

47 1773 149 1837 niaque
164 1767 224 1819 nesi
239 1767 363 1820 Caeneus
378 1766 506 1885 dedppat,
522 1765 749 1834 Styphelumque,

457 1850 562 1886 romum
583 1851 627 1897 ue,

47 1904 280 1975 samariamque,
294 1904 505 2038 Helimumlqpe,
518 1852 753 1971 secflriferumque
788 1906 836 1956 ido

474 1987 595 2022 raemon.

47 2046 146 2098 ulnera
155 2043 338 2095 nonmemini:
350 2041 773 2106 numerum,n0menquenotavi.

47 2114 154 2167 revolat
163 2111 283 2163 Emathii
293 2112 389 2178 spoliis
400 2115 523 2161 armatus
533 2109 640 2171 Halesi,

47 2199 109 2235 uem
120 2180 237 2234 dederat
246 2181 316 2242 leto,
327 2180 457 2232 membris
468 2188 498 2231 et
508 2193 624 2245 corpore
634 2178 752 2229 latreus

48 2253 167 2304 eximus.
176 2251 250 2301 Huic
260 2255 338 2301 aetas
347 2250 606 2315 interiuvenamque
619 2261 776 2314 senemque,

47 2319 207 2372 lsiuvenilis
217 2323 290 2371 erat:
306 2318 450 2370 s'arflbant
460 2323 585 2383 tempora
595 2317 664 2367 cani.
787 2313 835 2368 465

47 2391 73 2441 ai
83 2388 199 2456 clypeo,
209 2387 358 2456 galeaque,
368 2387 586 2452 Macedoniaque
596 2386 699 2435 sarissa

48 2459 204 2526 ampinana,
224 2455 377 2523 faciemque
391 2457 523 2507 obversus
536 2456 565 2505 in
580 2469 677 2522 agmen

432 2529 588 2591 utrumque,

48 2609 159 2663 raraque
169 2595 316 2657 conclusit,
326 2599 487 2661 eertssmque
496 2591 662 2661 equitaritin
670 2593 777 2644 orbesat

48 2665 170 2732 arbaque
179 2667 224 2715 tot
233 2662 305 2714 fudit
314 2679 414 2715 saeuas
423 2665 562 2714 animosus
572 2663 600 2712 in
611 2676 705 2712 aurae:
