1926 3016
54 84 56 89 ’
147 122 197 178 1⁷4
328 116 520 174 uovrorr
538 113 726 170 ursonis
763 113 767 117 ’

144 225 221 277 Talis
232 227 294 278 erat
304 223 407 275 cultus:
423 220 520 284 facies,
531 236 613 290 quam
623 220 716 272 dicere
726 233 794 274 rere

142 295 301 361 virgineam
311 295 340 343 in
351 305 452 359 puero,
462 291 597 358 puerilem
606 291 635 341 in
645 291 754 358 virgine
763 292 856 359 possis.

141 364 223 416 Hanc
232 365 338 430 pariter
347 361 429 423 vidit,
439 361 545 427 pariter
555 358 727 427 Calydonius
738 358 823 413 beros

83 430 132 485 525
144 432 267 500 Optavit,
279 434 413 484 renuente
423 431 496 482 Deo:
513 429 694 497 flammasque
706 428 829 483 latentes

142 503 257 564 Hausit,
268 507 297 553 et
306 500 343 553 0Ι
355 499 435 562 felix,
446 501 469 549 si
480 514 561 567 quem
573 498 750 566 dignabitur,
759 500 856 567 inquil,

142 573 200 623 lsta
209 569 309 625 virum!
322 585 373 622 nec
384 567 466 636 plura
474 570 571 619 sinunt
580 569 890 637 tempusque,pudorqor

142 640 256 693 Dicere:
272 642 360 691 maius
371 652 440 705 opus
450 639 543 705 magni
554 638 713 690 certaminis
723 642 817 707 urget.

178 709 254 763 Silva
263 709 394 778 frequens
404 708 543 770 trabibus,
558 719 641 776 quam
651 705 732 761 nulls
741 707 875 762 ceciderat

497 781 583 840 aetas,
632 804 637 815 =

84 849 133 900 330
142 849 241 915 Incipit
251 863 267 900 a
276 847 374 915 plano,
386 847 544 914 devexaque
554 846 689 915 prospicit
698 859 777 900 arra.

144 919 206 981 Quo
216 922 473 986 postquamvenere
483 917 549 976 viri;
565 931 628 985 pars
638 915 852 971 retiatendurrtc

142 987 262 1041 Vincula
271 1002 335 1056 pars
343 986 470 1041 adimunt
479 986 605 1038 canibus:
620 1000 685 1054 pars
694 1000 796 1053 pressa
804 1002 845 1040 se·

576 1060 681 1107 uuntur

145 1125 230 1195 Signa
238 1126 353 1195 pedumz
365 1126 532 1195 cupiuntque
542 1072 622 1177 egum
627 1126 757 1193 reperire
763 1124 889 1194 periclum

145 1196 271 1249 Concava
279 1196 359 1249 vallis
370 1201 445 1260 erat,
456 1212 550 1265 quase
561 1196 708 1247 demittere
720 1196 775 1247 rivi

85 1266 132 1319 535
142 1267 295 1318 decuerant
305 1266 432 1333 pluvialis
443 1280 539 1333 aquae.
560 1265 651 1316 Tenet
660 1265 718 1316 ima
727 1264 844 1317 lacunae

143 1335 234 1387 Lenta
245 1336 328 1399 salix,
339 1328 475 1402 ulvaeque
486 1334 574 1398 leves,
583 1335 712 1402 iuncique
723 1333 867 1401 palustres,

142 1404 322 1472 viminaque,
332 1410 361 1455 et
370 1404 454 1472 longa
464 1419 565 1471 parvae
575 1405 625 1454 sub
635 1403 774 1455 arundine
783 1416 883 1456 cannae·

142 1472 216 1524 Hinc
227 1488 294 1539 aper
304 1473 410 1525 excitus
420 1472 526 1524 medios
537 1473 674 1524 violentus
684 1474 712 1524 in
724 1471 819 1527 hostes

143 1538 258 1604 Fertur,
269 1546 301 1591 ut
312 1542 433 1593 excussis
443 1540 505 1593 elisi
514 1542 631 1594 nubibus
641 1543 730 1610 ignes.

84 1606 134 1659 340
145 1607 285 1662 Sternitur
294 1611 407 1663 incursu
419 1626 528 1662 nemus:
543 1617 573 1663 et
582 1610 714 1680 propulsa
724 1610 860 1680 fragorem

144 1676 219 1730 Silva
235 1680 290 1731 dat.
309 1679 474 1732 Exclamant
484 1683 610 1733 iuvenes:
627 1685 827 1749 praetentaque
836 1674 888 1731 fort

143 1747 215 1801 Tela
223 1754 320 1801 tenent
331 1749 441 1814 dextra,
453 1750 510 1802 lato
520 1752 659 1803 vibrantia
668 1749 756 1802 ferro.

143 1816 194 1868 ille
205 1820 274 1880 ruit,
285 1822 446 1886 spargitque
457 1836 553 1884 canes,
564 1822 722 1889 utquisque
732 1819 824 1871 ruenti

143 1887 254 1938 Obstat:
269 1894 298 1939 et
308 1887 420 1956 obliquo
431 1889 567 1942 latrantes
578 1891 693 1956 dissipat
702 1891 770 1940 ictu.

84 1954 133 2010 545
145 1956 241 2024 Cuspis
252 1955 385 2009 Echionio
395 1961 514 2025 primum
525 1964 653 2011 contorte
663 1958 772 2010 lacerto

143 2026 224 2079 Vana
235 2025 300 2090 fuit,
311 2029 463 2096 truncoque
474 2029 550 2080 dedit
560 2028 620 2080 leve
629 2028 729 2078 vulnus
740 2039 846 2079 acerno.

144 2094 286 2158 Proxima,
297 2098 320 2147 si
331 2099 422 2148 nimiis
433 2099 568 2149 mittentis
578 2100 684 2149 viribus
695 2111 747 2147 usa

144 2163 205 2216 Non
216 2165 304 2228 foret,
313 2167 342 2217 in
352 2171 433 2234 tergo
442 2169 501 2219 visa
511 2172 553 2218 est
562 2165 682 2218 haesura
691 2167 793 2233 petito:

144 2233 268 2302 Longius
279 2237 312 2285 it:
329 2241 425 2288 auctor
434 2236 484 2288 teli
494 2236 650 2304 Pagasaeus
660 2236 750 2287 lason.

84 2303 134 2357 350
147 2301 270 2366 Phoebe,
282 2305 323 2354 ait
332 2305 506 2371 drrrpycides,
517 2308 541 2356 si
550 2312 579 2357 te
591 2305 730 2371 coluique,
743 2302 867 2369 coloquet

146 2371 191 2423 Da
200 2370 278 2435 mihi,
290 2374 363 2440 quod
373 2376 487 2441 petitur,
498 2380 575 2427 certo
586 2376 750 2441 contingere
760 2373 824 2423 telo.

147 2441 207 2502 Qua
218 2443 321 2507 potuit,
332 2445 459 2509 precibus
469 2444 546 2496 Deus
556 2445 660 2494 annuit
680 2444 756 2495 lctus
766 2443 800 2493 ab
810 2438 864 2500 illo,
877 2498 884 2505 ,

148 2509 202 2561 Sed
212 2511 270 2562 sine
280 2511 407 2575 vulnere,
418 2529 496 2580 aper:
514 2512 617 2564 ferrum
629 2512 722 2563 Diana
731 2510 835 2562 volanti

141 2578 307 2633 Abstulerat
316 2581 421 2636 iaculot
435 2581 612 2650 lignumsine
622 2583 749 2633 acumine
761 2579 841 2633 venit
870 2634 873 2641 ,

67 2648 123 2706 555
136 2651 187 2708 Ira
197 2651 255 2708 ferr'
268 2660 350 2709 mota
360 2660 418 2711 est:
434 2669 490 2707 nec
498 2649 810 2706 tulntneleumsaxue.
