1926 3016
164 110 585 168 METAMORPHOSEON
601 114 732 170 Limia
777 117 830 171 w

53 216 171 273 Inscius
182 218 304 269 antemi
314 216 463 269 destrinxit
473 219 609 272 arundine
620 225 724 287 pectina.

52 285 156 342 Laesa
166 301 253 338 manu
263 292 359 338 natum
371 288 431 339 Dea
440 289 555 354 repulit,
566 289 651 340 altius
660 296 753 343 actum
795 298 800 310 ’

53 356 177 414 Vulnus
188 364 249 409 erat
259 358 363 423 specie,
372 358 516 426 primoque
527 357 669 410 fefellerat
677 361 774 427 ipsam.

55 428 154 495 Capta
163 426 218 476 viri
228 424 319 477 fornia
329 442 384 476 non
394 428 448 476 iam
460 426 610 494 Cythereia
619 434 700 480 curat

54 494 190 549 Littera:
202 509 258 547 non
269 495 328 546 alto
338 495 559 563 repetitPapbon
571 512 691 566 aequore
702 501 828 565 cineum,
839 501 889 554 530

54 563 263 633 Piscusumquc
279 564 402 629 Gnidon,
417 567 595 634 gravidamve
609 566 780 620 Amathunta

480 636 602 701 metalli3

55 704 233 757 Abstinetct
243 702 334 756 coelo:
350 704 427 756 caelo
437 705 718 771 praeferturAdcnis.

55 773 148 829 Hunc
156 778 248 826 tenet:
264 773 329 825 huic
339 789 431 826 cuntes
442 780 497 827 est:
511 782 676 844 assuetaque
686 790 797 844 semper

137 852 159 875 -’
481 845 620 898 inumbra

56 910 215 981 Indulgere
225 913 290 975 sibi,
301 912 472 983 formamque
482 930 585 983 augere
596 915 725 981 colendo,

56 980 118 1036 Per
128 984 210 1050 iuga,
221 997 271 1049 per
280 984 376 1047 silvas,
388 985 558 1053 dumosaque
569 1002 637 1038 saxa
646 992 764 1055 vagatur
839 987 888 1039 555

57 1051 146 1105 Nuda
155 1068 242 1121 genu,
251 1059 357 1105 vestem
368 1055 426 1104 ritu
437 1058 579 1105 succincta
588 1057 710 1119 Dianam

58 1121 257 1190 Hortatusque
268 1138 364 1186 canes3
378 1127 512 1189 tutaeque
522 1123 654 1173 animalia
664 1124 793 1189 praedae,

57 1195 118 1246 Aut
129 1206 234 1259 pronos
244 1191 366 1258 lepores,
377 1198 426 1242 aut
437 1192 541 1242 celsum
552 1192 579 1241 in
592 1205 697 1243 cernua
708 1208 828 1254 cervum,

58 1262 119 1315 Ant
129 1262 219 1331 agitat
230 1262 338 1313 damas:
354 1276 372 1312 a
381 1261 500 1312 fortibus
511 1262 633 1315 abstinet
642 1263 732 1328 apris3

58 1330 259 1401 Rapturesquc
271 1331 364 1397 lupos,
376 1335 553 1399 armatosque
562 1332 702 1398 unguibus
712 1346 793 1384 ursos
839 1331 889 1386 540

57 1398 155 1464 vient,
166 1405 196 1453 ct
206 1402 323 1452 armenti
334 1405 474 1452 saturatos
485 1402 570 1453 caede
580 1401 684 1453 leones.

59 1472 105 1523 Te
116 1470 329 1539 queque‚uthcs
335 1472 443 1534 timeae,
449 1473 472 1521 si
480 1472 684 1539 quidprodcsse
690 1472 827 1523 monendo

60 1540 172 1604 Possit,
181 1540 283 1603 Adoni,
295 1547 402 1593 monet:
418 1541 555 1609 fortisque
567 1541 712 1610 fugacibus
722 1548 792 1605 estc,

58 1611 172 1678 Inquit:
186 1611 216 1661 in
225 1612 345 1662 audaces
357 1626 411 1662 nun
423 1615 466 1662 est
475 1612 591 1662 audacia
601 1617 672 1674 tuta,

58 1678 152 1733 Parce
163 1694 239 1742 meo,
249 1681 369 1744 iuvenis,
379 1683 545 1733 temerarius
556 1696 616 1732 esse
626 1680 745 1748 periclo:
841 1677 889 1732 545

59 1748 140 1803 Neve
152 1748 241 1813 feras,
252 1751 351 1818 quibus
362 1766 439 1801 arma
449 1751 526 1802 dedit
536 1750 658 1814 Natura,
669 1750 790 1802 lacesset

60 1816 126 1871 stet
136 1818 250 1870 mihine
260 1834 362 1888 magne
374 1826 424 1871 tua
433 1821 531 1889 gloria.
551 1821 577 1872 N
579 1836 615 1872 on
624 1826 717 1871 movet
728 1824 815 1880 aetas,

59 1888 121 1941 Nee
131 1886 234 1951 facies,
244 1904 294 1940 nec
304 1905 376 1957 quae
386 1890 523 1942 Venerem
533 1905 660 1951 movere,
670 1889 775 1948 leones,

60 1957 263 2025 Setigercsqne
273 1975 345 2023 sues,
357 1960 516 2026 oculosque,
527 1960 689 2024 animosque
696 1955 829 2007 ferarum·

60 2027 185 2080 Fulmen
195 2026 299 2078 babent
309 2043 387 2079 acres
397 2028 425 2078 in
437 2029 552 2078 aduncis
563 2027 693 2079 dentibus
704 2027 779 2092 apri,
841 2025 891 2079 550

60 2098 190 2164 Impetus
200 2102 245 2147 cst
256 2097 339 2148 fulvis
364 2102 392 2150 et
402 2103 483 2148 vasta
491 2098 619 2150 leonibus
631 2098 685 2146 ira:

61 2167 240 2234 lnvis'umque
250 2166 317 2217 milri
328 2181 416 2234 genus
427 2171 478 2218 est.
500 2169 578 2230 Quae
588 2180 701 2227 caussa,
709 2165 829 2231 roganti,

61 2236 176 2298 Dicam,
187 2238 238 2286 sit:
255 2241 284 2288 ct
293 2239 396 2288 veteris
407 2242 562 2288 monstrum
573 2236 711 2287 mirabere
722 2234 828 2301 culpae.

62 2304 120 2359 Sed
130 2305 212 2357 labor
222 2307 351 2358 insolitus
361 2307 416 2356 iam
428 2322 471 2359 me
481 2306 611 2357 lassavit:
627 2310 728 2357 eteccs
781 2308 784 2313 '

63 2375 232 2443 Opportuna
242 2391 294 2427 sua
302 2376 445 2427 blanditur
455 2375 575 2441 populus
585 2374 697 2425 umbrat
795 2408 798 2413 -
843 2371 890 2425 555

63 2444 179 2512 Datque
189 2449 281 2495 turum
292 2460 397 2512 cespes.
407 2446 490 2497 Libet
496 2444 548 2495 bac
553 2446 832 2513 requiesces-etenum,

64 2513 829 2583 Etrequicvitlrumo:pressitqueetgramemetipsumr

63 2584 154 2653 lnque
165 2584 228 2635 sinu
237 2586 359 2647 iuvenis,
370 2587 461 2651 posita
472 2586 590 2648 cervice,
600 2584 730 2637 renidens

53 2651 114 2707 *Sic
123 2655 178 2708 ait:
194 2668 227 2708 ac
237 2654 337 2709 mediis
344 2656 489 2709 interserit
499 2653 595 2710 escula
604 2654 704 2709 verbis.
