1926 3016
93 137 513 200 METAMORPHOSEON
530 142 608 196 LIB.
627 143 696 198 xli.
719 142 776 198 '275

48 260 124 314 uque
135 244 209 296 latiis
220 259 357 296 summum
367 242 464 312 iugulo
475 249 519 297 eet
528 253 626 299 exacta
636 244 757 303 sinistro.

48 332 85 366 im
96 314 194 365 videor
203 314 305 366 debere
315 314 356 365 tui
365 315 514 381 praeconia
522 316 606 367 rebus
657 350 661 357 -
699 331 702 337 ·
759 314 763 321 '

48 384 157 447 esculis,
168 397 184 434 o
195 381 318 436 Rhodiae
330 383 431 436 ductor
440 382 625 449 pulcheriime
636 387 752 439 classisi

48 471 70 506 ic
81 461 176 507 tamen
187 452 319 516 ulterius,
330 468 412 521 quam
423 452 509 504 fontia
519 452 595 505 facta
604 455 719 519 silendo,
789 456 836 526 575

49 525 140 576 cisear
150 521 265 573 tranem
281 521 372 573 solida
382 527 425 574 est
434 520 502 573 mihi
512 525 603 591 gratia
612 528 714 578 tecum.

48 594 128 645 Haec
136 596 284 658 postquam
295 590 370 642 dulci
380 590 495 644 Neleius
505 592 591 645 edidit
601 607 664 656 one3
689 590 692 595 ’

48 675 176 714 sermone
187 660 273 722 senis,
284 661 405 726 repetito
416 675 531 713 munere
540 662 652 726 Bacchi,

48 730 262 785 srexeretoris:
279 743 334 780 nox
344 730 463 783 ostdata
473 736 584 784 caetera
594 747 700 784 somno

48 805 84 854 At
94 801 335 869 Deusaequoreas
345 801 392 867 qui
402 800 512 867 cuspide
522 806 660 869 temperat
670 803 767 866 undas,
786 802 835 857 580

54 870 198 922 volucrem
210 884 310 936 corpus
320 870 378 919 nati
389 867 567 922 Stheneleida
576 888 686 923 versum

49 944 110 994 ente
120 938 199 991 dolet
208 939 310 1003 patria:
326 953 494 1007 saevumque
504 949 619 1006 perosus
628 939 765 996 Achillem

49 1014 135 1063 :ercet
144 1022 294 1070 memores,
305 1007 366 1073 plus
377 1022 460 1075 quam
470 1009 601 1074 civiliter,
611 1012 676 1062 iras.

49 1093 126 1146 nque
137 1077 196 1130 sere
207 1081 296 1128 tracto
307 1075 362 1127 duo
372 1091 423 1143 per
432 1079 618 1146 quinquennia
627 1078 712 1143 bello,

49 1149 129 1201 dibus
139 1148 277 1200 intonsum
289 1145 440 1212 compellat
449 1145 592 1199 Sminthea
602 1148 696 1200 dictis:
784 1147 836 1204 583

49 1217 116 1270 mini
126 1216 160 1269 de
171 1215 267 1267 fratris
277 1214 361 1282 longe
371 1217 529 1282 gratissime
541 1219 623 1281 natis,

49 1290 96 1339 ita
124 1287 151 1336 ui
161 1301 268 1338 mecum
279 1285 395 1350 posuisti
406 1286 516 1337 moenia
526 1287 636 1350 Troiae,

49 1356 100 1424 ¹qu'
127 1392 135 1418 ,
146 1361 177 1406 ut
186 1355 235 1406 has
244 1357 300 1404 iam
311 1356 367 1404 iam
378 1370 489 1419 casuras
500 1355 616 1421 adspicis
628 1371 714 1420 arces,

49 1424 153 1494 gemist
168 1431 217 1476 out
227 1423 327 1491 ecquid
336 1429 380 1474 tot
390 1422 568 1476 defendentia
578 1440 671 1477 muros

49 1497 105 1547 ilia
115 1510 196 1547 caesa
206 1491 302 1546 dolesi
317 1494 428 1563 ecquid,
440 1510 474 1546 ne
485 1510 635 1564 persequer
644 1511 748 1558 omnes,
784 1499 833 1563 500

49 1564 143 1619 actoris
153 1564 251 1615 umbre
260 1564 335 1614 subit
344 1567 447 1619 circum
458 1580 508 1617 sua
519 1564 653 1633 Pergama
663 1564 764 1618 tractii

49 1650 81 1686 ni
92 1639 186 1686 tamen
195 1633 243 1685 ille
254 1632 346 1696 ferox,
357 1634 486 1702 belloque
498 1637 640 1686 cruentior
650 1637 719 1703 ipso,

49 1706 88 1756 cit
96 1702 200 1767 adhuc,
211 1703 302 1769 operis
312 1705 400 1754 nostri
411 1705 571 1771 populator,
581 1703 709 1758 Achilles.

49 1779 68 1826 it
78 1773 145 1824 mihi
156 1788 198 1825 se:
216 1771 295 1836 taxo,
305 1774 407 1841 triplici
419 1775 483 1843 quid
495 1774 607 1841 cuspide
618 1777 728 1842 possim,

48 1844 131 1895 sitiat.
150 1845 186 1895 nt
196 1844 326 1910 quoniam
336 1858 503 1895 concurrere
512 1846 636 1895 cominus
648 1843 721 1894 hosti
782 1845 832 1910 595

49 1929 75 1963 m
86 1911 184 1974 datur3
199 1912 309 1963 occulta
320 1915 485 1979 necopinum
496 1911 581 1979 perde
591 1914 702 1978 sagitta.
722 1963 724 1969 ,

49 1982 129 2033 nuitx
145 1985 228 2048 atque
239 1982 331 2033 animo
343 1984 447 2049 pariter
458 1986 616 2048 patruoque
625 1994 731 2048 suoque

49 2051 112 2103 iiius
122 2049 282 2118 indulgens,
292 2051 395 2104 nebula
405 2050 513 2101 velatus
523 2050 552 2100 in
563 2065 661 2116 agmen

50 2121 144 2189 rvenit
152 2119 280 2184 iliacum,
291 2121 435 2187 inediaque
444 2120 474 2170 in
485 2119 570 2171 caede
580 2116 704 2171 vir'orum

49 2205 87 2242 sa
97 2204 147 2256 per
157 2190 267 2257 ignotos
277 2195 454 2258 spargentem
465 2189 554 2240 cernit
562 2187 678 2240 Achivos
785 2189 832 2240 tiu)

50 2260 83 2311 da
92 2258 191 2310 Parin:
209 2257 353 2326 fassusque
363 2258 467 2320 Deum,
479 2257 552 2320 Quid
563 2258 669 2324 spicula
680 2255 773 2324 perdis

50 2329 153 2397 nguine
164 2327 268 2394 plebisi
281 2330 334 2380 ait:
350 2330 374 2379 si
386 2343 441 2396 qua
449 2333 493 2380 est
501 2328 551 2379 tibi
561 2342 628 2377 cura
638 2333 758 2390 tuorum,

50 2405 133 2451 utere
143 2399 172 2448 in
182 2397 333 2462 Aeaciden,
344 2412 492 2466 caesosque
502 2397 637 2448 uiciscere
648 2396 757 2449 fratres.

50 2468 104 2519 xit=
120 2472 151 2519 et
161 2467 309 2520 ostendens
318 2473 488 2520 sternentem
499 2469 585 2517 Troia
596 2464 673 2517 ferro

51 2550 140 2605 sporo
150 2535 369 2600 Peliden,arcus
380 2537 501 2588 obvertit
510 2537 537 2585 in
548 2535 642 2599 illum3
786 2534 833 2589 eos

50 2612 96 2663 uta
116 2621 151 2658 ue
162 2605 274 2658 letifera
285 2607 387 2658 direxit
397 2605 503 2672 spicula
515 2604 621 2657 dextra.

50 2622 234 2730 iodd’rianus
242 2675 366 2746 gaudere
375 2689 460 2728 senex
471 2674 665 2799 postgiectom
673 2678 774 2744 posset,

580 2763 594 2795 Ι.
