1926 3016
288 79 367 130 Haec
376 90 497 130 nocuere
508 75 584 129 mihi.
604 75 701 145 Neque
710 75 784 128 enim
795 74 831 127 de
840 76 906 143 tigri

288 146 347 199 Nee
356 146 460 215 rigidas
470 146 576 211 silices,
586 147 739 200 solidumve
749 145 778 196 in
787 149 904 213 pestere

287 216 342 268 Aut
353 216 501 268 adamanta
510 218 595 284 gerit:
610 232 662 270 nee
672 216 717 270 iae
725 216 797 268 bibit
804 215 854 267 iiie
864 214 906 268 les

229 287 277 340 515
289 285 429 337 Vincetur.
449 285 626 352 Repetendus
636 288 702 338 eris:
718 301 770 339 neo
780 284 875 338 taedia
884 300 906 337 m

288 355 354 409 Vlla
363 355 418 407 mei
428 355 547 422 capiam3
563 355 628 408 dum
638 357 753 423 spiritus
763 357 816 408 iste
827 370 906 407 mans

287 425 358 479 Nam
369 424 503 492 primum,
513 426 537 476 si
548 423 623 478 faeie
632 425 701 478 mihi
711 440 845 479 revocare
856 425 906 477 lies

286 493 349 547 Non
360 496 484 562 coepisse
489 493 555 546 suits
566 501 906 565 saeptaexpugnaraseeu

288 566 397 632 Quippe
406 579 458 618 nee
466 564 515 616 ille
526 571 627 633 potest,
638 567 736 618 utiam
746 569 906 637 meavetam

228 633 277 685 620
287 634 349 687 Non
360 640 454 687 tamen
465 649 597 686 ausorum
606 650 717 701 semper
726 647 834 686 memor
844 649 906 686 esse

286 705 336 766 Et,
348 703 414 770 quia
423 704 565 768 desierim,
575 704 677 756 leviter
686 704 808 756 voluisse
817 703 906 756 videbe

287 773 343 822 Aut
353 773 437 823 etism
446 776 570 825 tentasse
579 773 673 836 illum,
683 773 847 842 insidiisque
857 778 906 842 pet

289 839 341 892 Vel
351 845 427 892 aesta
436 854 493 893 non
503 840 569 905 hoe,
579 844 627 911 qui
637 843 773 909 plurimus
782 844 855 895 ussit
864 848 906 896 eti

288 910 407 961 Pectore
416 915 527 976 nostra,
537 911 614 977 Deo,
624 913 673 965 sed
683 915 757 965 vieta
767 912 906 967 libidines

229 979 280 1032 625
290 980 419 1047 Denique
428 981 484 1033 iam
494 996 603 1049 nequeo
613 982 654 1034 nil
663 984 831 1036 commisisse
841 981 906 1036 nefa

288 1051 325 1101 Et
335 1049 448 1114 scripsi,
458 1055 488 1103 ei
497 1053 575 1118 petii:
591 1058 728 1105 temerata
738 1057 906 1106 estnmiras

288 1119 327 1172 Vt
337 1117 407 1169 nihil
418 1119 560 1185 adiisiam,
569 1136 625 1173 non
636 1135 748 1189 possum
758 1122 906 1176 innoxiam

289 1188 372 1252 Quod
384 1195 525 1258 superest,
539 1191 658 1245 multum
671 1199 717 1246 est
729 1193 759 1246 in
773 1199 853 1258 veta,
867 1194 898 1245 in

704 1277 828 1330 parvum.
839 1302 842 1307 .
877 1300 881 1309 .

289 1326 382 1380 nixis:
397 1333 437 1395 ei,
449 1331 574 1384 incertae
583 1336 664 1385 tanta
674 1338 718 1386 est
727 1333 867 1387 discordie
876 1349 904 1386 m

229 1396 279 1450 630
290 1398 358 1450 Cum
368 1400 462 1468 pigeat
471 1404 607 1466 tentasse,
618 1401 687 1455 libet
696 1407 818 1456 tentare:
835 1402 906 1457 modi

289 1469 369 1532 Exit3
386 1473 416 1520 et
424 1469 523 1523 infelix
532 1473 682 1524 committit
690 1488 774 1540 saepe
783 1473 892 1540 repelli.

288 1537 358 1618 iviox
366 1538 413 1589 ubi
422 1539 589 1618 finisnabest3
604 1543 723 1618 patriam
734 1541 807 1618 iugis
816 1543 906 1607 illem
