1926 3016
10 1200 17 1309 i

147 110 567 168 METAMORPHOSEON
585 114 664 168 LIB.
683 116 735 169 lx.
778 117 830 170 205

70 219 135 276 Aut,
146 213 201 266 hoc
211 214 234 265 si
245 230 364 284 nequeo,
376 231 501 283 pereum,
511 232 616 284 precor,
626 225 700 283 onte,
710 224 828 288 toroque

10 326 18 347 ,
69 285 798 355 Mortuacomponor,positaequedetosculsfreter.

10 350 15 361 ²
69 355 104 407 ut
113 360 210 406 tamen
221 352 366 406 arbitrium
377 356 486 422 quaerit
496 371 541 407 res
551 356 605 407 ista
616 356 741 408 duorum.

17 456 23 481 ,-
69 424 155 492 Finge
166 423 276 491 placere
287 423 367 474 mihi:
382 424 473 476 scelus
485 439 546 480 esse
555 424 695 477 videbitur
705 426 756 477 illi.
841 431 889 484 505

70 495 103 546 ut
113 507 170 544 non
177 491 313 544 'Aeolidae
323 492 460 544 thalamos
471 496 589 546 timuere
600 508 734 549 sororum.

69 563 149 616 Vnde
158 560 210 614 seri
220 559 271 613 bos
280 561 362 613 novit
377 577 427 614 cur
437 561 505 616 boec
516 558 644 630 exenrple
653 562 764 629 paravit

70 632 129 695 Quo
145 628 240 684 iecori
259 631 411 684 obscoenae
425 632 523 753 procdrl
538 631 602 684 hinc
616 632 750 684 discedito

349 736 350 740 =
503 717 625 755 animaez

69 769 137 833 Nec,
148 768 203 835 nisi
213 783 267 837 qua
278 769 320 822 fas
330 776 372 823 est
381 787 543 840 germanae,
554 771 642 824 freter
651 776 767 822 emetur.

70 839 97 891 Si
107 844 203 890 temen
213 838 272 905 ipse
283 841 336 904 mei
349 848 444 907 ceptus
453 843 532 908 prior
542 846 616 894 esset
625 853 729 904 amore,
841 837 889 891 διο

69 908 199 961 Forsitan
208 907 284 958 iilius
294 924 404 976 possem
415 910 560 980 indulgere
571 910 668 962 furori.

69 979 141 1046 Ergo
152 991 220 1046 ego,
230 992 311 1082 (poem
321 978 430 1031 fueram
440 995 496 1032 non
506 981 646 1033 reiectura
655 983 805 1045 petentem,

69 1049 129 1114 Ipso
138 1052 248 1114 petum.
265 1049 405 1114 poterisne
414 1048 510 1117 loquit
524 1050 665 1116 poterisne
675 1047 774 1099 tuterit

71 1117 156 1186 coget
164 1129 258 1180 emon
272 1124 378 1183 potero.
398 1117 466 1180 Vel,
478 1119 501 1168 si
511 1118 600 1183 pudor
611 1132 661 1168 ore
671 1117 784 1177 tenebit,
956 1165 962 1170 ,

70 1185 176 1238 Littera
185 1186 292 1238 celatos
303 1202 405 1238 arcena
414 1185 550 1239 fatebitur
559 1187 646 1253 ignes.
840 1184 888 1234 515

70 1254 145 1308 Haeo
153 1255 256 1324 placet,
267 1254 336 1307 hece
344 1256 456 1307 dubiam
465 1254 829 1306 vincitsententiementem.

70 1325 98 1377 ln
108 1325 183 1377 letus
194 1326 327 1392 erigitur3
342 1325 489 1392 cubitoque
498 1325 594 1374 innixe
604 1324 724 1385 sinistro,

10 1448 14 1457 ,
71 1391 187 1448 Viderit:
203 1396 330 1456 insanos,
340 1394 444 1460 inquit,
455 1393 594 1446 fateamur
603 1406 720 1444 umores.

10 1462 15 1467 '
71 1463 130 1517 Heu
145 1463 227 1516 mibi!
243 1476 298 1531 quo
313 1461 412 1515 labori
426 1478 508 1532 quem
523 1477 601 1515 mens
616 1476 679 1514 mee
693 1463 815 1528 concipit

482 1535 488 1547 .
578 1531 591 1567 2
669 1556 673 1561 ,

71 1604 105 1655 Et
113 1602 251 1654 meditate
260 1615 344 1653 menu
354 1548 591 1670 componiltgrlrlcerlbo
600 1603 739 1654 trementi.
841 1603 890 1654 520

10 1724 12 1729 ,
70 1669 176 1724 Dextro
186 1675 266 1724 tenet
276 1671 394 1724 ferrum:
409 1686 523 1723 vacuam
533 1676 611 1723 tenet
621 1671 712 1723 oltere
721 1684 822 1722 cerem.

71 1741 180 1809 incipit3
197 1740 355 1792 ctdubitstr
371 1742 478 1805 scribit;
495 1739 662 1809 damnatque
672 1739 804 1792 tabellas:

69 1810 103 1862 Et
111 1813 208 1872 notet3
222 1815 251 1861 et
260 1809 348 1862 delet:
363 1815 466 1875 mutat3
481 1811 642 1878 culpatque,
653 1809 819 1877 probetque:

70 1877 156 1946 Inque
165 1879 253 1931 vicem
263 1883 369 1931 sumtus
379 1883 470 1947 ponit,
480 1883 642 1948 positasque
652 1880 775 1930 resumit.

70 1947 142 2011 Quid
152 1947 234 2009 velit,
244 1948 367 2016 ignoret:
384 1948 517 2017 quidquid
528 1948 638 1999 factura
647 1946 765 2008 videtur,
841 1942 890 1997 525

10 2032 13 2051 ²
68 2015 215 2084 Displicet.
235 2015 266 2066 ln
277 2016 356 2069 vultu
366 2024 410 2071 est
419 2017 536 2069 eudocia
548 2018 633 2066 misto
643 2014 751 2081 pudori.

70 2084 180 2153 Scripta
189 2098 270 2137 soror
279 2083 383 2138 fueret:
397 2089 484 2140 risum
497 2091 541 2138 est
551 2085 645 2138 delere
655 2098 790 2146 sororem,

69 2154 218 2222 Verbaque
229 2156 361 2206 correctis
370 2154 494 2207 incidere
505 2154 575 2206 tolie
584 2154 666 2205 ceris:

71 2224 175 2287 Quem,
185 2224 238 2274 nisi
247 2228 279 2274 tu
290 2224 413 2288 dederis,
423 2239 480 2275 non
491 2229 534 2276 est
542 2223 670 2275 hobitum
679 2223 807 2284 salutem,

70 2292 152 2345 lianc
164 2293 217 2344 tibi
226 2294 314 2344 mittit
323 2307 430 2344 unnens=
447 2294 547 2360 pudet,
561 2292 608 2395 ⁸¹¹1!
626 2291 724 2358 pudet,
739 2292 821 2345 edere
843 2361 875 2413 53

484 2376 598 2414 nomen.
876 2378 892 2412 o

10 2458 12 2485 ι
69 2431 153 2496 Etsi,
163 2429 231 2500 quid
241 2430 364 2498 cupiam,
375 2431 498 2500 quoeris3
515 2433 575 2484 sine
585 2431 805 2484 nominevesscm

10 2496 15 2545 ἲ
70 2500 168 2554 Posset
178 2501 224 2569 egi
235 2515 298 2553 meu
307 2515 405 2552 causeo
415 2515 490 2553 meo:
505 2515 556 2553 nec
568 2502 679 2568 cognite
689 2501 788 2568 Byblis

71 2573 140 2624 Ante
149 2570 255 2633 forem,
266 2584 347 2639 quem
358 2584 421 2637 spes
430 2576 559 2622 votorum
570 2575 647 2622 certo
659 2569 763 2622 fuisset.

71 2641 139 2694 iisse
148 2639 261 2710 quidem
273 2639 340 2691 laesi
350 2645 480 2706 poterent
489 2640 539 2692 tibi
550 2638 669 2708 pectoris
679 2640 771 2702 index,
