1926 3016
16 29 55 157 Ε’.Ι
77 82 80 87 ’
136 107 550 172 mursuoaruosuou
568 119 646 174 uin.
666 122 755 176 xlm.
772 123 824 177 aso

16 162 21 247 ι
68 225 180 292 lamque
190 218 263 273 viam
273 220 373 273 suadet
382 221 502 285 Boreas3
517 220 642 291 flatuque
652 225 775 278 secundo

15 334 19 349 .
67 293 190 347 cubaea
198 295 275 343 mota
284 296 397 342 sonant:
413 291 491 342 iubet
500 292 542 341 uti
552 294 646 344 navita
655 296 752 346 ventis.

66 359 884 429 Tmiaralermpimurmlenrautdantpueosculaterrae420

22 436 25 441 '
66 430 206 486 troadem
220 432 251 481 et
260 429 367 496 patriae
377 426 514 480 fumantia
524 434 600 482 teoto
608 430 778 500 relinquunt.

65 501 171 556 Vltima
180 498 343 551 conscendit
352 497 650 563 classem,miserabile
660 502 729 565 risu,

65 572 94 624 ln
105 568 206 622 mediis
215 565 331 621 Hecube
340 571 473 621 natorum
479 569 593 620 inventa
603 568 765 636 sepulchris.

65 639 248 715 prensantem
257 635 389 698 tumulos,
399 641 484 705 atque
495 638 603 690 ossibus
613 638 708 691 oscula
713 638 825 694 dantem

63 705 213 763 Dulichiae
222 711 334 759 traxere
344 721 451 758 manus.
470 708 577 759 Tamen
588 709 669 759 unius
680 705 781 772 hausit,
836 707 885 761 425

63 781 151 847 inque
160 778 224 828 sinu
235 775 341 829 cineres
352 790 446 827 secum
456 776 521 828 tulit
529 776 661 831 Hectoris
671 776 794 831 haustos.

65 847 195 900 Hectoris
203 845 235 896 iu
244 843 353 897 mumulo
363 859 461 897 canum
472 846 507 897 de
517 847 620 899 vertice
630 848 743 912 crinem,

63 915 184 969 inferias
192 915 303 981 inopes,
313 915 416 965 crinem
423 913 625 983 ,lacrimasque
634 916 776 985 relinquit,

63 987 126 1050 Est,
136 985 185 1035 ubi
195 984 282 1035 Troia
291 981 357 1045 fuit,
368 981 507 1052 Phrygiae
519 987 660 1037 contraria
668 983 763 1049 tellus,

63 1053 199 1107 Bistoniis
208 1051 332 1104 habitata
340 1053 413 1103 viris.
434 1052 635 1120 Polymestoris
645 1054 704 1107 illic
834 1055 885 1107 45ο

63 1125 152 1193 Regia
162 1121 238 1175 dives
248 1125 322 1184 erat,
333 1122 378 1172 cui
387 1127 416 1172 te
427 1123 565 1173 commisit
575 1123 706 1174 alendum

64 1189 319 1259 Clem,l’olydore,
334 1194 427 1260 pater,
436 1189 621 1272 Phrygiisque
631 1193 750 1245 removit
759 1195 793 1245 ab

479 1274 571 1311 armis.

64 1329 217 1384 comitium
227 1329 351 1396 sapiens,
362 1327 478 1380 sceleris
488 1329 542 1379 nisi
552 1330 676 1395 praemia
686 1343 801 1400 magnas

63 1401 218 1454 Adiecisset
227 1413 308 1465 opes,
319 1397 403 1449 animi
414 1398 560 1449 irritamen
570 1399 654 1450 avari.

63 1470 101 1524 vt
112 1469 215 1522 cecidit
223 1466 349 1520 Fortuna
358 1464 514 1535 Phrygum,
526 1462 600 1533 ca'pit
610 1467 711 1536 impius
722 1483 816 1522 ensem
835 1470 884 1523 455

63 1539 123 1593 Rex
133 1537 289 1601 Threcum,
299 1535 451 1605 iuguloque
460 1537 504 1589 sui
515 1533 612 1605 deligit
621 1538 738 1590 alumni:

63 1610 113 1674 Et,
121 1613 256 1675 tanquam
266 1605 327 1658 tolli
339 1621 400 1658 cum
411 1621 528 1674 corpore
539 1608 655 1660 crimina
663 1612 785 1676 possent,

63 1678 227 1730 Exanimem
238 1692 253 1729 e
263 1674 379 1743 scopulo
389 1676 527 1729 subiectas
537 1677 613 1728 misit
622 1679 651 1728 in
661 1679 757 1731 undas.

63 1747 175 1800 littore
185 1744 315 1797 Threicio
325 1744 443 1798 classem
453 1745 587 1814 religarat
597 1747 716 1812 Atrides,

64 1817 140 1869 Dum
151 1829 228 1868 mare
238 1819 379 1882 pacatum,
391 1813 456 1866 dum
466 1820 564 1867 ventus
575 1817 689 1869 amicior
699 1821 781 1869 esset.
834 1815 886 1868 440

64 1885 378 1952 incimmemmaum,
389 1898 452 1935 cum
462 1885 582 1949 viveret,
593 1901 653 1937 esse
662 1886 781 1949 solebat,

65 1955 132 2007 Exit
141 1953 225 2006 humo
236 1952 294 2007 late
304 1958 400 2022 rupta,
410 1952 508 2003 similis
528 1968 563 2004 ue
572 1955 672 2005 minaci
847 1952 850 1957 '

64 2023 211 2090 Temporis
222 2019 298 2074 illius
308 2023 415 2074 vultum
426 2020 518 2073 rosere
538 2025 567 2072 at
577 2019 707 2086 Achilles,

64 2092 128 2156 Quo
138 2091 215 2145 ferus
224 2093 327 2144 iniusto
338 2092 421 2160 petiit
430 2092 637 2158 Agamemnona
647 2090 738 2150 serron

62 2164 299 2230 immemoresque
310 2163 365 2215 mei
376 2159 531 2225 disceditis,
541 2160 644 2228 inquit,
654 2159 767 2214 Achivi!
835 2158 885 2214 445

64 2232 228 2301 obrutaque
238 2237 283 2284 est
292 2245 400 2283 mecum
410 2231 522 2282 virtutis
532 2232 624 2298 gratia
634 2229 764 2283 nostraei

63 2301 106 2357 Ne
121 2301 219 2357 tacite:
235 2305 322 2370 utque
336 2315 428 2352 meum
444 2314 499 2351 non
515 2300 553 2350 sit
565 2302 625 2353 sine
639 2299 746 2353 honore
760 2315 790 2353 se

62 2439 164 2495 Placet
172 2436 314 2493 Achilleos
324 2443 447 2490 mactata
456 2368 714 2504 Pglylfflmanes.

64 2508 158 2562 Dixit:
175 2513 216 2572 et,
226 2509 325 2561 immiti
336 2509 417 2559 sociis
427 2508 586 2574 parentibus
598 2507 720 2572 umbrae,

63 2578 158 2646 Rapta
167 2578 229 2631 sinu
240 2580 350 2641 matris,
361 2592 442 2645 quam
453 2577 508 2626 iam
519 2590 604 2644 prope
614 2576 675 2628 sola
684 2576 803 2643 fovebat,
837 2578 884 2632 iio

63 2644 749 2770 Fogtissstliloielimtplusquamfemissnlrgo

129 2731 158 2770 '0
193 2752 202 2769 Ο
238 2752 246 2767 Ι
