1926 3016
158 152 212 209 ³20
342 148 373 203 P.
392 136 535 203 ovm'n
552 142 737 203 NASONIS
761 170 765 181 =

156 257 236 312 Nune
250 257 343 320 tenet;
359 258 390 307 at
402 251 524 322 quedam
537 255 691 374 terRrermht
703 256 834 322 tempere

600 336 648 391 ym
688 336 732 376 se.

155 394 281 464 Appulus
291 391 343 447 bas
354 392 404 445 illa
412 393 635 461 psmnrregtone
677 396 760 461 gntae

156 467 286 528 Terruit,
298 468 328 517 et
336 464 427 533 primo
438 462 532 514 subita
542 460 693 514 formidine
701 461 805 514 merite
932 512 949 541 Ι,

50 584 53 589 ,
157 535 299 599 Mox‚ubi
308 547 388 585 mens
398 530 495 596 rediit,
506 535 535 583 et
544 535 721 584 oontemsere
730 536 899 601 sequentem
932 532 957 571 ιδ

97 606 148 660 ⁵20
156 604 199 656 nd
208 617 355 656 numerum
365 602 449 653 motis
458 599 576 667 pedibus
585 600 693 654 duxere
702 599 831 654 eboreas.
933 590 957 639 ῑ

157 670 361 741 improbathss
371 674 481 737 pastor,
490 668 622 738 saltuque
631 671 760 723 imitatus
770 670 874 742 agresti
943 662 957 709 i

157 742 273 798 Addidit
282 739 426 792 obscoenis
437 738 563 791 esuritis
571 740 680 791 rusties
689 740 786 792 dietis:
954 800 957 809 1

156 812 217 867 Nee
227 811 303 879 prius
314 809 444 872 obticuit,
455 820 540 877 quam
550 810 667 874 gutture
676 809 806 862 uendidit
816 811 898 863 arbor.
945 801 957 849 ¹2

157 882 265 935 Arbore
275 880 350 934 enim
360 891 501 947 succoque
510 876 580 930 lieet
590 890 761 945 cognoscere
770 894 870 932 mores.
947 870 957 918 Ψ

98 950 148 1005 525
158 952 268 1018 Quippe
278 954 375 1002 notam
386 948 499 1016 linguae
507 946 601 1000 bassis
611 948 737 1001 oleaster
746 951 851 1003 amaris
951 940 957 971 “

157 1018 291 1074 Exhibet:
306 1034 336 1071 as
357 1018 443 1071 eritas
454 1016 604 1069 verborum
614 1019 700 1071 cessit
709 1018 740 1071 in
749 1019 824 1073 ilias.

192 1090 265 1143 Hinc
274 1090 322 1143 ubi
334 1033 420 1158 fegati
430 1086 552 1153 rediere,
562 1091 666 1156 neguta
675 1087 803 1142 ferentes

156 1162 241 1213 Arma
250 1158 352 1212 Aetola
362 1156 538 1222 siunbutun
546 1157 724 1211 sineriribus
734 1160 794 1212 illis

157 1228 241 1285 Balla
256 1230 395 1282 instructa
408 1232 522 1299 gerunt:
538 1227 714 1297 multumque
730 1230 766 1283 ab
779 1234 896 1299 utreque

16 1324 20 1333 ·
576 1299 686 1351 cruoris
880 1340 888 1353 ..

98 1368 148 1425 530
159 1368 243 1422 Parte
254 1367 345 1421 datur.
365 1367 435 1422 Fert
444 1382 507 1421 esse
517 1367 613 1438 aridas
624 1369 653 1420 iu
664 1370 749 1436 pinea
758 1370 872 1422 Tmnus

159 1437 345 1491 Textai'aees:
356 1438 917 1510 ignesquetinteanuibusundapepersit.

157 1507 273 1575 lamque
284 1508 390 1575 picem,
404 1512 434 1559 et
449 1520 543 1572 seras,
558 1507 751 1629 agmentsque
765 1514 876 1563 caetera

596 1593 706 1632 ammae

158 1644 299 1699 Mulciber
308 1644 421 1708 urebat,
431 1659 537 1715 perque
549 1647 638 1699 altum
649 1648 685 1700 ad
696 1649 815 1702 carbasa
825 1649 916 1702 matun

158 1716 232 1782 ibat,
244 1720 273 1768 et
281 1715 413 1767 incurvae
424 1715 570 1769 fumabant
578 1723 705 1771 transtra
715 1721 842 1773 carinae:

102 1784 151 1841 535
163 1786 232 1837 Cum
242 1799 351 1838 memor
360 1783 411 1837 hes
421 1787 503 1853 pinus
513 1786 597 1840 Idaeo
607 1789 712 1842 vertice
723 1804 821 1841 caesas

159 1855 262 1908 Sancta
271 1854 364 1908 Derim
375 1858 516 1924 genetrix,
526 1858 675 1910 tinnitibus
685 1859 753 1911 stira
763 1859 839 1927 pulsi

158 1927 252 1991 Aeris,
263 1931 292 1978 et
301 1924 393 1977 inflati
404 1926 553 1994 complevit
563 1942 705 1980 murmure
715 1929 799 1984 buxi:

159 1995 268 2065 Perque
279 1996 354 2049 leves
364 1996 478 2048 domitis
489 1999 599 2049 invecta
608 1997 738 2051 leonibus
749 2014 842 2064 auras,

160 2067 246 2117 Irrita
255 2065 752 2134 sacrilegaiuctasincendiadextrs,

100 2131 271 2198 stonense,
282 2138 331 2186 ait.
352 2137 489 2203 Eripiam3
505 2151 557 2189 nee
568 2150 612 2189 me
622 2139 749 2204 patiente
759 2140 893 2192 cremabit

159 2206 235 2272 lgnis
246 2204 319 2257 edax
329 2220 474 2258 nemorum
486 2211 581 2273 partes
593 2212 622 2259 et
632 2208 759 2260 membra
768 2224 902 2263 meorum.

159 2275 287 2327 intonuit
297 2275 405 2328 dicente
416 2276 491 2340 Dea3
507 2278 700 2346 tonitrumque
712 2281 803 2331 secuti

161 2343 230 2395 Cum
241 2344 359 2397 saliente
370 2360 469 2413 graves
482 2347 642 2400 ceciderunt
652 2349 790 2416 grandine
803 2351 901 2402 nimbi:

159 2413 298 2482 Airaque,
311 2421 340 2467 et
349 2416 447 2468 subitis
457 2417 596 2469 tumidum
607 2419 789 2471 concursibus
800 2433 906 2489 sequor

101 2483 149 2534 545
160 2485 268 2534 Astraei
279 2484 408 2549 turbant,
419 2491 448 2538 et
459 2490 527 2539 eunt
536 2488 564 2538 in
576 2488 699 2556 proelia,
710 2487 824 2542 fratres.

160 2552 183 2603 Ε
194 2554 294 2619 quibus
305 2555 380 2607 alma
389 2570 491 2624 parens
502 2559 584 2608 unius
596 2560 700 2610 viribus
710 2574 770 2623 usa,

161 2620 285 2690 stuppea
293 2630 466 2693 praerumpit
477 2626 617 2697 Phrygiae
628 2629 786 2682 retinacula
794 2630 904 2682 classis:

162 2690 231 2744 Fert
248 2707 285 2745 ue
295 2698 370 2745 rates
382 2710 495 2752 nronas.
504 2699 618 2755 imnnue
627 2700 680 2753 sub
690 2714 813 2768 aequore
819 2700 924 2768 mergit
