1926 3016
90 122 514 184 METAMORPHOSEON
532 130 611 183 ΗΒ.
630 129 687 184 111.
740 131 772 185 ⁷1

48 248 112 303 tque
122 234 198 287 leves
207 232 311 285 saltus:
327 233 454 298 udaeque
465 235 601 287 immittor
611 249 720 286 arenae.

48 319 73 356 ιι
83 304 132 355 ubi
142 310 286 353 consumta
297 309 353 365 est3
366 302 477 352 Aurora
487 302 633 355 rubescere
643 305 764 371 primum
782 305 832 359 600

48 375 164 441 eperat:
180 386 313 438 exsurgo,
326 371 477 438 laticesque
487 370 591 424 inferre
602 379 729 426 recentes

48 457 164 503 moneo,
175 447 354 508 monstroque
365 442 443 502 viam,
455 456 526 507 quae
536 441 620 492 ducat
629 443 664 494 ad
674 443 773 497 undas.

48 529 84 575 ie,
96 511 165 579 quid
176 525 245 562 aura
254 510 321 561 mihi
332 508 440 561 tumulo
451 511 595 575 promittat
605 512 638 563 ab
649 512 717 577 aito,

48 582 167 649 ospicio:
185 582 353 648 comitesque
364 595 447 642 roco,
457 586 608 648 repetoque
620 583 750 635 carinam.

48 665 150 703 sumus
161 649 207 702 eni
222 650 325 718 inquit,
335 651 475 700 sociorum
488 651 593 715 primus
603 649 751 718 Opheltest
783 652 833 710 605

49 735 104 789 que
117 724 210 787 putat,
221 721 353 787 praedam
364 719 477 771 deserto
488 726 585 771 nactus
596 722 624 771 in
636 736 713 789 agro,

48 792 145 858 rgiuea
155 804 270 857 puerum
282 790 359 841 ducit
369 805 418 855 per
429 790 527 843 littora
538 790 634 843 forma

48 876 76 923 e,
86 873 167 911 mero
177 874 331 926 somnoque
340 860 447 926 gravis,
457 861 578 912 titubare
590 862 713 925 videtur3

48 944 120 998 tque
129 930 218 998 sequi.
240 928 342 997 Specto
352 929 470 992 cultum,
486 928 654 1000 faciemque,
669 946 730 999 gra·

427 1000 492 1050 dum
515 1016 561 1052 ue:

49 1068 121 1131 iibi,
131 1069 206 1137 quod
217 1072 313 1135 posset
323 1068 397 1120 credi
408 1016 542 1132 murtaffe,
550 1070 688 1123 videbam.
786 1075 837 1128 610

54 1140 146 1201 sensi,
158 1144 186 1190 et
197 1140 255 1190 dixi
266 1139 361 1199 sociis,
370 1138 452 1199 Quod
463 1155 563 1190 numen
574 1140 603 1188 in
613 1142 668 1191 isto

49 1223 136 1275 rpore
147 1209 193 1270 sit,
204 1208 313 1260 dubito:
324 1206 373 1258 sed
383 1219 501 1272 corpore
512 1223 614 1258 numen
624 1209 652 1259 in
662 1209 717 1259 isto
728 1213 779 1260 est.

49 1279 142 1346 iisquis
154 1292 198 1340 es,
209 1277 240 1328 ui
251 1277 359 1338 sareas,
368 1278 528 1343 nostrisque
539 1276 681 1329 laboribus
690 1276 778 1328 adsis:

49 1362 188 1416 equoque
199 1346 247 1396 des
258 1346 377 1397 veniam.
398 1344 453 1397 Pro
464 1346 544 1396 nabis
555 1347 634 1398 mitte
645 1348 761 1412 preest-i,

49 1422 109 1485 etys
120 1419 177 1466 ait:
195 1431 248 1482 quu
259 1429 315 1465 uun
325 1415 397 1465 alius
409 1415 597 1467 conscendere
607 1430 729 1468 summas
787 1420 836 1476 615

50 1488 95 1538 ior
107 1490 258 1547 antennas,
269 1498 425 1552 prensoque
436 1485 555 1537 rudente
566 1485 662 1538 relabi.

49 1571 72 1607 ιο
79 1554 182 1621 Libys,
193 1551 246 1604 boe
256 1552 355 1616 ssavus,
366 1568 468 1621 prorae
479 1555 581 1617 tutela,
592 1553 760 1621 Melanthus,

49 1640 71 1677 ιο
81 1624 185 1692 probat
194 1622 369 1676 Aleimedunt
385 1627 427 1686 et,
428 1625 485 1743 dqui
495 1625 674 1694 requiemque
684 1639 743 1676 mo·

448 1709 493 1743 um
515 1709 550 1745 ue

49 1778 86 1816 »ee
97 1762 184 1815 dabat
193 1763 293 1824 remis,
303 1763 459 1814 animorum
471 1709 600 1815 intimator
608 1764 754 1830 Epupeuss

49 1849 73 1885 ie
84 1847 183 1884 omnes
192 1832 249 1882 alii.
271 1829 395 1883 Praedue
405 1836 462 1882 tam
473 1846 556 1883 caeca
567 1834 668 1900 cupido
678 1838 729 1886 est.
789 1834 839 1886 620

49 1919 73 1953 m
83 1907 180 1953 tamen
191 1899 263 1952 hane
272 1915 351 1952 sacro
361 1901 459 1951 violari
472 1902 595 1967 pondere
605 1903 699 1969 pinum

53 1972 176 2038 rpetiar,
187 1970 257 2021 dixi:
274 1984 337 2035 pars
348 1968 394 2021 bie
404 1969 472 2022 mibi
483 1973 606 2021 maxima
614 1971 692 2021 iuris.

49 2056 100 2109 1ue
111 2040 190 2091 aditu
202 2040 316 2092 obsisto.
336 2039 417 2090 Furit
428 2038 631 2090 audacissimus
642 2038 719 2090 omni

49 2123 184 2162 enumero
194 2108 335 2175 Lycabas:
353 2111 399 2176 qui
411 2111 505 2159 'fusca
515 2107 611 2174 pulsus
622 2108 656 2158 ab
667 2107 737 2160 urbe

49 2178 166 2240 milium,
178 2178 239 2230 dira
249 2193 367 2244 poenam
378 2192 430 2244 pro
439 2176 654 2239 caede,luebat.
792 2184 840 2237 025

50 2246 133 2311 mibi,
145 2249 209 2299 dum
220 2254 309 2311 resto,
320 2246 434 2298 iuvenili
444 2251 561 2313 guttura
569 2261 663 2314 pugno

50 2320 111 2385 ipit:
129 2324 158 2369 et
169 2332 315 2370 excussum
326 2317 447 2376 misisset
456 2317 484 2366 in
495 2330 631 2384 aequora3
646 2317 669 2367 si
680 2331 737 2369 nun

50 2388 190 2449 tesimeni,
200 2387 326 2454 quamtis
335 2401 446 2448 umens,·
454 2387 484 2436 in
495 2385 561 2438 fune
572 2390 706 2438 retentus.

50 2456 139 2523 Impia
151 2456 235 2507 turba
244 2456 364 2523 probant
374 2455 487 2577 saetam.
507 2457 581 2575 ¹ium
593 2455 712 2527 denique

458 2540 506 2576 aee
525 2540 567 2587 us,

50 2592 142 2649 techus
152 2597 224 2647 enim
234 2594 342 2658 iuerat,
353 2593 440 2647 reiuti
451 2594 578 2651 clamore
588 2596 703 2652 soiutus
801 2596 857 2648 bne

52 2665 774 2747 sopor,aqueneroredemtinpeetorasemssa
