1926 3016
146 123 182 180 η
327 114 359 174 r.
378 112 516 173 ovrnrr
534 92 722 174 ansonis'

146 223 411 293 duritiamque
422 222 607 287 nranorran
619 230 682 291 qua,
693 210 916 294 ardenam·
951 213 954 292 i

145 298 210 349 Hae
219 309 272 364 ape
281 291 409 363 pervenit
423 309 478 362 quo
489 308 533 345 me
544 292 654 345 deferre
664 293 789 359 paratiai
953 328 954 332 ,

145 368 221 419 Pone
231 371 351 426 metum,
362 364 498 428 Proreus,
512 367 541 415 et
550 377 621 430 quoa
630 364 792 432 contingere
801 370 901 433 portat

86 437 135 492 655
145 436 205 490 Ede
214 435 298 498 velie,
310 434 395 497 dixit,
411 439 489 485 terra
498 435 597 484 sistere
608 433 703 499 petita.

144 505 258 568 Naxon,
269 506 309 556 ait
318 504 416 563 Hier,
426 517 525 554 eureus
535 502 672 553 advertite
682 506 800 554 vestros.

144 573 199 629 illa
209 572 277 626 mihi
287 573 387 626 domus
398 577 452 625 este
468 573 545 624 rabia
556 573 608 623 erit
618 569 729 639 hospita
739 571 835 625 teiiur.

145 644 201 698 Per
210 659 287 696 mare
297 642 426 705 fallaces,
436 655 542 710 perque
553 642 647 692 omnia
656 641 771 693 numina
781 643 878 694 iurant

146 713 193 767 Sic
202 713 275 766 foret
293 727 393 781 meque
403 713 501 764 iubant
511 713 603 778 pictae
612 710 680 763 dare
690 711 755 762 vela
766 713 887 766 cannae.

88 792 139 844 640
148 783 274 835 Dextera
284 781 378 834 Naxon
389 786 462 833 erat:
479 781 580 833 dextra
590 779 657 831 mihi
667 781 754 833 iintaa
763 781 850 845 danti,

148 853 222 918 Quid
232 851 313 915 faeie,
324 850 354 903 ol
370 849 502 903 demensi
516 852 577 920 quie
584 854 616 903 te
627 849 719 915 saror,
730 851 828 919 inquit,

222 932 226 937 ’
563 923 677 984 deoete,

146 990 202 1044 Pro
213 1005 243 1043 se
272 991 382 1058 uisque,
393 988 488 1042 teneti
502 989 610 1042 laevam
621 995 692 1056 pete.
707 990 832 1052 Maxima
842 994 909 1040 nutu

145 1061 216 1114 Para
226 1062 264 1111 mi
284 1059 910 1129 isignificanpara,quidrelit,auresuanrrat.

146 1130 297 1196 Obstupuit
313 1130 466 1198 Capiatque
477 1129 549 1180 alius
558 1130 761 1192 moderamina,
771 1130 844 1180 dixi:

87 1204 136 1262 645
145 1199 248 1268 Meque
259 1199 415 1252 ministerio
426 1199 596 1268 scelerisque
607 1200 730 1267 artisque
741 1198 854 1250 remoti.

144 1270 279 1336 Increpor
288 1283 305 1320 a
315 1271 434 1334 eunetir3
445 1275 591 1336 totumque
601 1269 910 1338 imarurmuratagmea.

86 1365 92 1368 ·
144 1341 170 1392 E
181 1340 281 1406 quibua
290 1338 451 1401 Aethalion,
462 1340 504 1390 Te
515 1339 622 1389 scilieet
632 1339 721 1387 omnis
731 1339 759 1387 in
771 1350 829 1388 uno

145 1407 251 1461 Nostra
260 1407 335 1458 salua
345 1410 437 1474 posita
447 1405 502 1458 est!
513 1407 753 1470 aiteteubitipse:
764 1416 911 1475 meumque

145 1475 250 1542 Expiet
259 1488 342 1540 opus:
359 1475 494 1540 Naxoque
505 1475 576 1540 petit
587 1473 695 1523 diversa
705 1474 813 1525 relicta

88 1548 137 1601 650
181 1547 254 1598 Tum
264 1543 342 1595 Deua
351 1543 486 1607 illudens,
501 1541 728 1663 taanuandmdo
739 1543 861 1614 denique

572 1627 623 1662 rau
643 1627 688 1663 em

147 1683 285 1745 Senserit,
297 1697 312 1734 e
322 1683 405 1750 puppi
417 1687 533 1748 pontum
544 1686 704 1747 prospectat
714 1673 832 1734 adunca.

146 1754 183 1805 Et
193 1751 270 1804 flenti
282 1753 393 1814 similis,
404 1752 466 1805 Non
478 1750 547 1801 haec
558 1749 625 1800 mihi
639 1751 750 1814 littora,
760 1756 873 1814 nautae,

75 1832 79 1839 “
147 1822 331 1884 Promiaintie,
342 1823 394 1872 ait:
409 1836 464 1871 non
475 1819 544 1872 haee
554 1818 621 1870 mihi
632 1825 707 1872 terra
718 1825 818 1888 rogata
828 1825 881 1872 est.

106 1898 110 1903 ’
147 1893 209 1955 Quo
219 1892 310 1941 merari
321 1904 439 1958 poenam
450 1888 541 1940 faetor
556 1904 632 1956 quae.
637 1890 729 1957 gloria
738 1896 832 1942 vestra
842 1894 895 1955 ert,

88 1962 137 2016 655
147 1961 176 2014 Si
186 1975 303 2029 puerum
314 1961 442 2022 iuvenes,
453 1961 476 2009 si
488 1959 570 2010 multi
581 1958 679 2010 iaiiitis
690 1959 794 2011 unum!

145 2030 310 2086 iamdudum
322 2029 430 2081 flebam.
441 2029 584 2080 Lacrimas
597 2044 694 2080 manue
705 2031 791 2096 impia
801 2032 912 2080 nostrae

146 2101 242 2155 Ridet:
258 2105 287 2152 et
297 2099 418 2168 impellit
428 2100 643 2166 properantibus
653 2113 777 2166 aequora
787 2099 880 2150 remia.
931 2129 935 2140 ·

147 2171 201 2222 Per
214 2170 262 2221 tibi
274 2185 347 2221 nunc
355 2171 459 2237 ipsum3
475 2183 527 2220 nee
536 2171 609 2220 enim
621 2169 796 2234 praesentior
805 2167 856 2219 ido

147 2241 200 2291 Est
209 2238 299 2303 Deus3
316 2240 429 2302 adiuro,
440 2244 499 2290 tarn
510 2253 554 2289 me
565 2239 615 2290 tibi
626 2253 692 2290 vera
703 2237 818 2299 referre,

90 2308 141 2360 iiio
150 2310 240 2372 Quam
251 2310 309 2360 reri
319 2310 427 2360 maiora
437 2309 511 2360 iidee·
520 2305 605 2359 Stetit
617 2322 737 2375 aequore
749 2305 849 2373 puppis

149 2378 233 2431 Haud
245 2376 340 2441 aliter,
352 2389 433 2446 quam
444 2379 579 2428 sisiacum
591 2378 689 2428 navaie
698 2380 817 2428 teneret.

149 2447 193 2501 llii
205 2446 375 2499 admiranter
386 2448 565 2499 remorumin
575 2447 692 2498 verbere
701 2447 842 2512 perstantt

150 2515 272 2583 Veiaque
283 2515 437 2581 deducunt3
448 2519 790 2585 geminaqueopecurrere
795 2517 915 2566 tentant.

140 2581 823 2655 Impediunthederaeremos,neanaerecurva

63 2647 273 2721 mamm
289 2659 458 2728 remanare
471 2650 889 2733 diedngnnntretaeamm
