1926 3016
10 148 18 197 l
162 132 718 192 METAMORPHOSEONLIB.1.
802 136 820 189 9
897 128 898 131 ¹

59 243 194 296 Protinus
204 238 334 305 irrumpit
343 253 430 291 venae
441 240 544 304 peioris
554 240 582 292 in
593 256 692 293 aerum

10 304 14 377 l
59 314 151 365 Omne
162 309 253 362 nesasz
269 309 366 376 sugere
377 308 479 374 pudor,
489 324 654 379 rerumque,
663 310 801 379 fidesquer

10 386 13 451 l
59 381 90 434 lu
101 395 223 450 quorum
232 380 343 431 subiere
354 378 447 430 locum
471 378 652 448 fraudesque,
663 380 784 448 dolique,
832 380 879 432 130

10 484 21 549 q
58 451 249 516 Insidiaeque,
260 455 289 501 et
297 451 350 511 ris,
361 454 390 500 et
400 463 480 498 amor·
490 449 642 501 sceleratus
653 448 779 501 habendi.

10 542 14 565 ι
59 517 128 572 Vela
138 520 244 571 dabant
252 520 353 579 ventis,
365 533 416 569 nec
426 516 516 568 adhuc
526 518 595 570 bene
606 523 722 571 noverat
731 518 797 570 illos

59 589 177 644 Navitas
188 603 313 656 quaeque
322 588 370 638 diu
381 589 558 638 steterentin
569 588 709 640 montibus
719 587 792 651 altis,

10 658 19 721 ζ*
58 658 207 712 Fluctibus
217 659 319 724 ignotis
329 657 501 708 insultavere
513 659 634 710 carinae.

10 736 20 847 q
61 729 297 794 Communemque
307 729 397 794 prius,
408 743 459 778 ceu
471 727 577 778 lumina
587 726 661 780 Solis
673 732 702 780 et
711 740 803 790 auras,
833 726 879 779 135

61 797 168 848 Cautus
178 795 290 847 humum
301 798 384 864 longo
395 798 514 863 signarit
523 796 611 849 limite
621 810 741 849 mensor.

10 876 14 899 ¹
60 866 120 920 Nec
129 870 239 917 tantum
249 872 358 934 segetes
369 865 557 934 alimentaque
568 866 662 918 debita
673 865 750 917 dives

61 934 234 988 Poscebatur
243 933 358 997 humus3
368 934 418 985 sed
428 938 496 986 itum
508 942 550 988 est
559 938 588 987 iu
598 939 705 987 viscera
713 940 822 986 terrase

11 1022 14 1045 ÷
62 1006 193 1073 Quasque
203 1005 412 1068 recondiderat,
421 1003 583 1074 Stygiisque
594 1007 756 1058 admoverat

12 1078 19 1105 ¹
477 1078 592 1137 umbris,

11 1138 15 1205 l
62 1141 243 1195 Effodiuntur
253 1142 519 1210 opes,irritementa
527 1144 674 1194 malorum.
834 1152 882 1206 140

11 1212 21 1285 l
61 1214 175 1280 lamque
185 1227 289 1263 nocens
300 1211 419 1271 ferrum,
430 1211 560 1277 ferroque
571 1211 715 1262 nocentius
726 1223 825 1260 aurum

12 1310 15 1331 ι
62 1281 242 1334 Prodierant:
258 1279 354 1347 prodit
363 1278 480 1339 bellum,
492 1278 566 1346 quod
577 1284 683 1346 pugnat
692 1285 824 1345 utroque3

12 1336 16 1397 l
62 1349 278 1418 sanguineaque
290 1363 373 1398 manu
385 1349 549 1413 crepitantia
560 1350 684 1400 concutit
693 1362 779 1400 arma.

13 1408 22 1479 l
62 1420 173 1472 Vivitur
183 1433 218 1470 ex
227 1424 320 1483 rapto:
335 1432 390 1468 non
402 1417 502 1483 hospes
513 1418 548 1468 ab
560 1416 669 1484 hospite
680 1423 766 1480 tutus,

13 1500 26 1564 ξ
62 1489 353 1554 Nonsoceragenero:
366 1487 822 1556 fratrumquoquegratiararaest.
834 1491 881 1546 145

62 1559 191 1612 Imminet
201 1559 287 1608 exitio
297 1559 340 1607 vir
350 1558 488 1624 coniugis,
498 1558 549 1608 illa
559 1559 665 1608 mariti:

63 1626 170 1679 Lurida
179 1627 319 1678 terribiles
328 1628 447 1678 miscent
457 1629 566 1678 aconita
576 1642 726 1680 novercaes

64 1696 154 1749 Filius
164 1700 228 1747 ante
239 1696 312 1748 diem
323 1698 428 1762 patrios
439 1698 555 1765 inquirit
564 1699 594 1748 in
605 1709 700 1748 annos.

13 1800 16 1805 -
63 1764 144 1818 Victa
154 1767 228 1817 iacet
237 1765 340 1818 Pietas:
356 1772 385 1817 et
395 1765 480 1834 Virgo
491 1766 576 1818 caede
586 1766 740 1830 madentes,

64 1834 170 1886 Vltima
180 1834 446 1898 coelestum‚terras
456 1837 572 1888 Astraea
582 1836 704 1905 reliquit.
835 1846 883 1903 15⁰

13 1894 26 1971 'q
98 1903 176 1956 Neve
186 1903 260 1956 foret
269 1907 353 1957 terris
363 1907 489 1958 securior
499 1906 603 1957 arduus
612 1905 723 1968 aether3

64 1972 216 2025 Affectasse
227 1973 321 2026 ferunt
331 1991 448 2044 regnum
459 1976 579 2027 coeleste
591 1975 739 2042 Giganteos

63 2042 183 2111 Altaque
194 2049 340 2111 congestos
351 2045 486 2096 struxisse
496 2044 532 2096 ad
542 2045 635 2095 sidera
644 2045 762 2092 montes.

14 2092 19 2145 l
63 2113 138 2163 Tum
148 2117 228 2179 pater
238 2115 412 2181 omnipotens
421 2117 506 2164 misso
517 2113 653 2179 perfregit
663 2110 813 2176 Olympum

13 2160 23 2233 l
63 2180 207 2244 Fulminc,
218 2187 247 2234 et
257 2185 379 2236 excussit
389 2183 512 2234 subiecto
523 2181 620 2231 Pelion
631 2179 726 2230 Ossae.

11 2250 23 2293 ¹·
64 2251 174 2303 Obruta
184 2252 257 2304 mole
267 2267 319 2303 sua
329 2268 390 2303 cum
403 2265 521 2316 corpora
531 2249 593 2300 dira
603 2249 739 2312 iacerent3

63 2319 212 2373 Periusam
220 2320 309 2373 multo
320 2329 449 2372 natorum
461 2319 594 2385 sanguiue
604 2319 722 2369 Terram

63 2390 217 2444 incaluisse
228 2389 335 2453 ferunt,
352 2390 527 2456 calidumque
536 2384 672 2439 animasse
682 2402 822 2440 cruorem:

16 2494 19 2503 ι
64 2460 114 2522 Et,
125 2473 161 2511 ue
172 2459 250 2510 nullu
260 2475 327 2512 suae
336 2461 431 2526 stirpis
443 2463 621 2509 monumenta
631 2463 783 2521 manerent,

10 2510 25 2583 l
65 2530 97 2581 ln
108 2528 208 2580 faciem
218 2530 334 2580 vertisse
345 2527 494 2579 hominum.
515 2527 570 2580 Sed
581 2532 609 2578 et
618 2527 668 2578 illa
678 2542 801 2594 propago
834 2529 882 2582 160

67 2595 823 2664 ContemtrixSuperum‚saevaequeavidissimacaedis,

18 2686 23 2699 ·
66 2665 314 2721 lltrioleutaiuitz
329 2668 684 2734 sciresesanguinenatos.

10 2714 21 2827 l
