1926 3016
131 126 183 183 sis
323 122 355 179 P.
373 121 514 179 ovmll
529 120 719 179 NASONIS

69 232 121 288 445
132 230 253 284 Solu'tur
262 227 383 283 herboso
394 228 445 282 reli
483 232 529 281 tus
538 228 574 283 ab
583 242 687 299 aggere
699 228 788 282 timisa

130 304 168 356 Et
177 301 276 367 procul
285 300 399 351 insidias
410 300 438 349 in
451 303 616 368 amatusque
625 299 791 369 relinquunt

129 372 218 424 'l'ects
227 370 318 423 Dcae:
333 370 467 439 lucosque
478 372 591 436 petunt,
599 368 649 421 ubl
657 368 773 422 nubilus
782 371 864 425 urobu

129 440 163 493 lu
173 454 251 493 marc
262 454 325 492 cum
335 438 408 493 tlara
417 438 574 507 prorumpit
583 438 678 491 Tibris
689 454 790 493 arena.

129 510 365 579 Faunigenaeque
374 509 459 560 domo
467 509 576 577 potitur
585 513 709 578 nataque
719 509 828 575 Latini3

69 579 121 634 450
131 580 194 634 Non
204 583 264 632 sine
275 580 370 632 Marte
378 583 482 631 tamen.
501 577 614 631 Bellum
625 593 689 631 cum
698 584 785 648 gente
796 579 864 633 feroc

132 649 302 717 suscipitur3
318 654 455 717 pactaque
465 646 535 699 furit
544 662 597 716 pro
607 648 728 718 coniuge
737 650 854 703 Turnus

132 720 284 772 Concurrit
292 718 376 771 Latio
386 715 546 787 Tyrrhenia
554 722 629 771 tota:
645 718 752 787 diuque

131 789 227 843 Ardua
235 788 365 840 sollicitis
374 789 492 841 victoria
501 789 647 856 quaeritur
656 790 753 841 armis.

132 860 224 927 Auget
234 863 353 927 uterque
364 872 429 910 suas
440 864 557 911 externo
567 856 671 911 robore
680 859 769 912 riresr

71 927 122 985 455
132 929 170 981 Et
179 929 263 980 multi
273 928 405 993 Rutulos,
416 927 499 979 multi
509 928 634 980 'lrolsna
643 933 763 979 tuentur

133 1000 245 1051 Castra:
261 1012 351 1067 nsque
359 996 468 1049 Aeneas
478 996 601 1050 mansu·
613 998 648 1046 ud
659 995 761 1048 limina
771 994 864 1049 frustra

131 1069 168 1120 At
177 1067 304 1123 Venulus
314 1081 443 1135 magnam
453 1066 537 1133 prosu
576 1062 723 1118 Diomedis
734 1066 771 1119 acl
782 1068 864 1121 urbes

132 1139 265 1191 Venerat
286 1136 338 1189 lllc
350 1136 460 1205 quidem
473 1134 524 1187 sub
548 1149 638 1205 apygc
648 1138 776 1205 quima
786 1136 864 1191 Daun

132 1207 247 1259 Moenia
257 1207 435 1269 condiderat,
446 1204 607 1273 dotaliaque
619 1219 687 1259 srva
697 1208 821 1261 tenebat.

72 1277 124 1332 460
134 1277 190 1329 Sed
199 1276 326 1331 Venulus
337 1276 427 1327 Turni
436 1283 583 1344 postquam
594 1276 730 1330 mandata
739 1278 855 1349 peregit,

132 1347 328 1415 auxiliumque
338 1347 423 1414 petit;
439 1346 512 1397 sires
522 1344 650 1399 Aetolius
660 1344 745 1399 heros

132 1416 270 1469 Excusat:
285 1432 337 1469 nec
347 1431 377 1467 se
386 1415 478 1467 soceri
489 1416 663 1468 committere
674 1432 789 1487 pugnae

133 1484 214 1538 Velle
225 1488 268 1537 sui
279 1483 410 1553 populos:
426 1499 491 1548 nec,
502 1500 572 1555 quos
582 1491 693 1554 egente
703 1502 818 1541 suorum

133 1556 239 1619 Armet,
250 1554 353 1606 habere
363 1554 447 1605 viros.
458 1553 534 1607 Neve
543 1554 864 1626 haeccommeutaputeti

75 1622 123 1680 465
133 1625 285 1677 Admonitu
296 1638 462 1692 quamquam
474 1624 567 1677 luctus
578 1631 751 1680 renovantur
762 1643 863 1691 amaro,

135 1696 280 1762 Pcrpctiar
289 1709 447 1749 memorare
457 1700 559 1750 tamen.
579 1697 733 1766 Postquam
744 1698 805 1752 alta
814 1713 864 1752 cre·

551 1772 627 1818 mata
638 1773 681 1820 est

133 1835 219 1898 Ilion,
232 1838 262 1886 ct
272 1834 386 1887 Danaas
396 1842 532 1904 paverunt
542 1837 680 1905 Pergama
691 1837 832 1904 llammas3

133 1905 327 1974 Naryciusque
338 1905 434 1970 heros,
445 1923 463 1957 a
472 1908 591 1975 virgine,
601 1908 710 1975 virgine
720 1915 811 1976 rapta,

134 1977 223 2039 Quam
235 1977 337 2028 meruit
348 1975 425 2028 solus
435 1992 566 2044 poenam,
578 1977 696 2045 digessit
705 1979 735 2030 in
746 1993 854 2041 omnes;

71 2042 123 2113 470
134 2045 311 2113 Spargimur,
322 2052 351 2099 et
360 2048 450 2098 ventis
461 2048 574 2099 inimica
585 2063 635 2114 pcr
645 2062 773 2117 aequora
783 2049 862 2115 rapti,

132 2115 270 2179 Fulmina,
280 2122 399 2179 noctem,
411 2117 523 2179 imbres,
533 2118 603 2168 iram
615 2118 752 2186 coelique,
763 2121 863 2185 murisq

132 2184 308 2251 l‘erpctimur
318 2186 424 2250 Danai,
439 2186 637 2255 cumulumque
649 2187 798 2255 Capharea
808 2188 864 2240 clad

132 2254 209 2306 Neve
220 2271 313 2314 morer
323 2256 449 2308 referens
460 2257 555 2309 tristes
566 2273 600 2309 er
611 2256 710 2310 ordine
722 2274 820 2323 casus3

113 2323 253 2377 ,Graecia
262 2331 320 2376 tum
333 2327 425 2392 potuit
435 2326 548 2378 Priamo
560 2343 670 2396 quoquc
681 2327 778 2380 flenda
788 2329 863 2383 ridor

71 2391 122 2460 475
134 2393 182 2445 lile
192 2400 286 2446 tamen
299 2395 447 2449 armiferas
458 2402 598 2450 servatum
610 2413 677 2450 cura
688 2398 836 2452 Minervae

132 2462 279 2516 Fluctibus
291 2468 400 2532 eripuit.
421 2467 522 2518 Patriis
533 2469 583 2520 sed
593 2484 689 2520 rursus
700 2469 735 2522 ab
746 2470 823 2538 agris

132 2531 239 2584 l‘cllor:
257 2541 285 2586 et
296 2540 411 2604 antiquo
422 2552 560 2590 memores
571 2538 606 2590 de
616 2537 734 2591 vulnere
744 2553 848 2604 poenas

132 2602 229 2669 Exigit
241 2604 315 2654 alma
326 2606 435 2658 Venus:
451 2612 601 2677 tantosque
610 2624 662 2676 per
673 2608 851 2665 alta-labores

133 2673 263 2742 Aequora
272 2676 405 2742 sustinui,
415 2680 509 2730 tantos
519 2678 702 2733 terrestribus
713 2680 809 2746 ermis
