1926 3016
52 166 59 182 .
79 129 144 184 ὒν.
163 127 250 184 NAS.
269 128 655 187 METAMORPH.L.11.
689 132 727 188 29

50 233 147 301 leque,
157 237 187 284 et
196 233 303 300 positae
313 234 411 301 spatiis
420 235 582 304 aequalibus
591 236 702 289 Homer

51 319 72 355 re
83 317 185 354 novum
196 303 304 366 stabat,
315 305 435 356 cinctum
446 304 564 357 floreme
574 319 691 358 corono:

51 372 145 424 tnuda
154 373 267 436 Aestas,
278 379 307 426 et
316 373 412 440 spirea
421 379 498 426 sorta
507 375 631 442 gerebat.

51 447 98 494 tet
105 444 274 506 Autumnus,
285 443 399 495 oaloetis
408 444 538 495 sordidus
548 445 622 511 uris,

51 512 132 564 ,oialis
141 513 350 576 Hiems,eeuos
360 511 469 565 hirsuto
478 513 605 580 capillos.
734 518 768 570 do

51 596 100 633 oco
111 583 232 647 modius,
242 597 337 635 rerum
345 585 472 639 uoumte
481 588 629 650 paventem

51 651 104 703 ulis
114 653 255 716 iuvenem,
267 653 498 722 quibus‘adspieit
508 654 615 717 omnia,
625 652 702 704 vidit.

51 737 93 789 que
101 723 218 774 riaetibi
224 723 338 776 mussat
349 722 482 792 quidhoc,
493 723 541 786 sit,
552 737 616 776 erce
622 722 725 791 petisti,

52 793 126 855 uies,
136 790 296 856 Phaethon,
307 792 381 844 haud
392 793 543 845 inficianda
552 790 683 860 parentii·

51 861 122 914 ifert:
137 861 173 913 0!
185 863 234 913 lux
244 864 372 913 immensi
383 862 494 929 publiea
503 864 607 926 muudi,
735 866 768 920 35

51 947 71 983 re
80 937 173 998 pater,
184 932 208 982 si
219 932 268 983 das
278 929 360 983 huius
370 931 437 985 mihi
448 933 567 985 nominis
578 948 668 995 usum,

51 1001 100 1052 rlsa
110 1001 246 1069 Clymene
256 1001 366 1068 culpam
375 1003 426 1054 sub
437 1003 557 1070 imagine
568 1002 656 1066 celat3

50 1086 83 1122 ra
92 1071 141 1134 da,
151 1072 275 1137 genitor,
283 1085 333 1136 per
344 1087 414 1140 quae
425 1077 476 1123 tua
485 1086 552 1124 vera
562 1084 685 1139 propago

52 1156 79 1204 r;
95 1146 124 1192 et
135 1139 208 1190 hunc
219 1141 319 1190 animis
330 1154 455 1192 errorem
464 1139 582 1192 detrahe
592 1141 704 1191 nostris.
748 1150 753 1161 ·

51 1215 88 1261 ut.
110 1210 146 1261 At
156 1210 267 1276 genitor
276 1209 381 1260 oireum
392 1213 475 1276 eaput
484 1210 710 1261 omuemicartes
736 1215 770 1272 40

51 1281 99 1330 ruit
109 1280 220 1340 radios,
231 1279 399 1346 propiusque
410 1278 543 1330 accedere
552 1279 647 1330 iussit:

51 1363 156 1415 sxuque
167 1347 247 1410 dato,
256 1347 315 1400 Nee
325 1352 356 1399 tu
366 1362 445 1400 meus
456 1362 516 1400 esso
527 1349 622 1414 negari

51 1434 70 1470 rs
82 1432 127 1481 es;
145 1421 176 1468 et
186 1416 319 1484 Clymene
330 1432 423 1481 veros,
433 1418 485 1480 uit,
496 1417 584 1470 edidit
593 1423 681 1470 ortus.

51 1503 80 1540 re
89 1487 181 1539 nunus
192 1487 314 1552 dubites,
324 1488 440 1556 quodvis
450 1493 514 1554 pete
524 1502 637 1539 munus:
653 1492 686 1540 ut

377 1552 456 1621 illud,

51 1626 173 1690 iouente,
184 1625 268 1680 feros
287 1627 435 1681 Promissis
445 1629 526 1680 testis
537 1627 634 1680 adesto
735 1627 769 1680 45

54 1696 142 1748 rande
152 1697 246 1762 palus,
257 1697 346 1749 oeulis
355 1699 499 1765 incognita
509 1699 621 1749 nostris.

51 1781 97 1817 ene
109 1765 241 1818 desierat:
256 1783 355 1820 currus
366 1759 448 1836 roget
457 1767 506 1819 ille
516 1775 657 1835 paternos,

59 1834 133 1887 diem
143 1835 284 1903 alipedum
294 1838 337 1889 ius
348 1843 377 1890 et
386 1838 566 1911 moderamen
583 1849 728 1905 equorum.

50 1906 105 1957 tuit
114 1906 221 1958 iurasse
232 1912 355 1974 patrem,
366 1910 412 1976 qui
422 1913 522 1976 terque
532 1912 688 1975 quaterque

51 1975 131 2027 rtieus
141 1976 253 2029 illustre
264 1983 358 2044 ceput,
370 1979 547 2039 Temeraria,
558 1975 638 2038 dixit,
737 1972 771 2028 50

51 2043 182 2097 residete
192 2051 241 2098 tus
250 2052 302 2099 est.
321 2045 434 2098 Vtinam
443 2047 581 2112 promisso
590 2044 690 2101 liceret

52 2113 112 2166 arei
121 2117 267 2180 confiteor,
277 2116 426 2168 solumhoo
431 2116 491 2177 tibi,
502 2119 576 2175 nate,
587 2124 728 2181 negarem.

51 2183 217 2242 sderelieet.
237 2185 301 2239 Non
311 2190 354 2237 est
364 2190 414 2235 tus
421 2191 485 2235 tuto
493 2183 631 2236 voluntas.

51 2255 161 2321 epotis,
171 2252 332 2320 Phaethon
348 2260 377 2306 et
387 2268 459 2322 quae
469 2269 520 2306 uec
531 2253 636 2305 viribus
645 2255 707 2308 istis
831 2306 834 2313 ,

52 2338 85 2375 m
93 2327 273 2390 conveniant,
283 2342 335 2378 nee
344 2329 402 2377 tem
412 2323 563 2392 puerilibus
573 2325 661 2379 annis.
737 2329 770 2384 55

51 2408 91 2445 us
100 2394 241 2446 mortuiis:
256 2400 364 2448 nonest
374 2395 508 2456 mortale,
519 2395 593 2465 quod
603 2401 692 2463 optus.
725 2453 729 2460 ,

51 2463 141 2526 etism,
156 2479 239 2532 quam
268 2464 324 2516 uod
335 2463 448 2532 Superis
459 2468 619 2534 contingere
627 2466 673 2517 'fas
682 2465 728 2528 sit,

51 2547 80 2583 us
91 2531 214 2585 effectas.
234 2481 350 2586 Placeat
358 2535 412 2586 sibi
423 2537 538 2604 quisque
548 2536 657 2597 licebit3

51 2615 134 2654 omen
144 2601 264 2670 ignifero
276 2604 419 2672 quisquam
430 2607 581 2657 consistere
592 2606 621 2655 in
632 2616 685 2655 uxo

51 2670 100 2724 rlet
110 2677 238 2742 excepto.
256 2672 338 2725 Vasti
349 2688 459 2744 quoque
468 2679 562 2770 rector
572 2671 698 2744 ulqui,
737 2669 774 2722 do

608 2851 619 2879 Ν
