1926 3016
156 161 190 217 14
343 159 374 213 Ρ.
392 159 529 214 ovlnn
552 158 733 213 NASONIS

154 264 302 320 Nereides:
317 265 456 332 silvasque
466 270 565 317 tenent
574 264 732 332 delphines,
743 270 771 318 et
782 265 847 319 altis

153 338 301 390 lncursant
310 337 408 398 ramis,
419 337 579 402 agitataque
591 337 694 386 robora
705 336 824 402 pulsant.

154 406 211 458 Nat
220 406 301 471 lupus
312 408 386 456 inter
396 420 472 456 oves:
489 404 580 456 fulvos
590 405 667 456 vehit
677 407 753 457 unda
762 405 873 459 leones:

95 473 144 530 505
153 476 237 531 Vnda
245 474 321 527 vehit
331 477 429 542 tigres:
445 489 496 526 nec
506 476 578 526 vires
588 474 712 525 fulminis
722 490 799 541 apro,

155 547 244 597 Crura
255 561 306 596 nec
317 545 412 596 ablato
423 550 541 611 prosunt
552 545 659 596 velocia
669 561 760 596 cemos

154 616 352 682 Quaesitisque
362 615 410 665 diu
421 615 518 676 terris,
529 615 575 664 ubi
585 615 677 666 sidere
688 615 780 677 debir,

154 685 187 738 ln
199 701 275 736 mare
287 685 398 735 lassatis
408 684 528 735 volueris
539 699 608 752 vaga
620 685 725 735 decidit
735 685 796 734 alis.

155 754 295 806 Obruerat
304 754 428 805 tumulos
438 756 574 805 immensa
585 755 697 806 licentia
706 756 794 820 ponti,

96 825 146 877 510
155 824 363 891 Pulsabantque
374 827 438 873 nori
449 829 582 874 montana
593 825 737 876 cacumina
747 823 857 874 fluctus.

156 895 282 946 Maxima
291 907 355 959 pars
366 894 441 943 unda
451 895 572 959 rapitur:
592 895 691 962 quibus
703 894 778 944 unda
788 896 920 961 pepercit,

157 964 224 1017 lllos
236 963 320 1029 longa
331 962 445 1013 domant
455 964 531 1028 inopi
542 964 646 1014 ieiunia
656 965 740 1014 victu.

192 1033 310 1099 Separat
320 1034 423 1084 Aonios
434 1033 543 1083 Actaeis
554 1032 653 1084 Phocis
667 1035 701 1084 ab
713 1035 795 1096 arsis,

156 1105 247 1157 Terra
257 1103 348 1165 ferax,
360 1103 424 1152 dum
437 1107 514 1154 terra
525 1101 590 1166 luit3
606 1104 655 1155 sed
666 1109 790 1169 tempore
801 1103 829 1151 iu
841 1100 890 1150 illo

97 1167 146 1221 315
156 1173 226 1226 Pars
235 1173 332 1236 maris,
343 1177 372 1224 et
382 1174 456 1223 latus
467 1174 621 1223 subitarum
633 1189 748 1238 campus
759 1185 903 1238 aquarum.

155 1244 239 1295 Mons
250 1243 288 1293 ibi
298 1242 447 1294 verticibus
460 1244 530 1308 petit
540 1243 644 1293 arduus
655 1249 731 1293 astra
743 1242 858 1301 duobus,

155 1313 274 1364 Nomine
285 1312 437 1372 Parnasus,
447 1318 615 1378 superatque
626 1313 769 1362 cacumine
780 1311 876 1360 nubes.

155 1383 211 1434 Hic
221 1382 268 1432 ubi
280 1380 448 1439 Deucalion,
460 1394 522 1428 nam
534 1387 646 1437 caetera
656 1385 767 1430 texerat
777 1394 891 1444 aequor,

157 1452 225 1501 Cum
237 1453 366 1500 consorte
377 1450 431 1497 tori
443 1461 528 1512 parva
538 1455 599 1497 rate
608 1454 703 1497 vectus
715 1445 855 1509 adhaesit3

17 1548 33 1556 ·-
95 1523 147 1575 320
157 1517 309 1585 Corycidas
321 1515 478 1583 Nymphas,
489 1522 519 1568 et
528 1517 642 1566 numina
652 1517 755 1566 montis
766 1516 894 1577 adorant,

156 1589 367 1654 Fatidicumque
378 1585 511 1648 'l'bcmin;
527 1601 598 1653 quae
609 1600 682 1635 nunc
694 1584 788 1636 oracla
798 1587 912 1637 tenebat

155 1657 220 1710 Non
231 1657 281 1707 illo
292 1657 392 1706 melior
403 1657 562 1723 quisquam,
574 1669 625 1706 nec
635 1656 775 1706 anrarrtior
786 1656 867 1722 aequi

154 1728 207 1780 Vir
219 1725 284 1790 fuit,
295 1731 344 1776 aut
354 1725 404 1776 illa
415 1727 585 1776 metuentior
595 1724 652 1775 ulla
664 1726 796 1776 Deorum.

155 1797 262 1862 Iupiter
270 1801 302 1846 ut
312 1796 425 1862 liquidis
435 1805 566 1862 stagnare
576 1795 724 1861 paludibus
737 1796 840 1855 orbem,

96 1861 146 1918 525
156 1868 194 1919 Et
205 1880 350 1932 superesse
360 1864 435 1915 ridet
446 1865 480 1915 de
492 1870 535 1915 tot
546 1865 628 1915 nrcrdo
640 1865 761 1915 millibus
772 1878 867 1925 unum,

99 1936 100 1940 ’
155 1939 193 1991 Et
203 1949 348 2002 superesse
359 1933 434 1984 ridet
444 1933 479 1984 do
490 1939 535 1983 tot
544 1935 627 1984 modo
637 1934 761 1984 millibus
771 1947 870 1996 unam;

155 2007 294 2059 Innocuos
304 2005 413 2065 aurbus,
424 2004 546 2054 cultores
558 2005 679 2053 numinis
691 2004 800 2063 ambos3

156 2077 261 2128 Nubila
271 2074 390 2127 disiecit:
407 2075 561 2141 nimbisque
572 2072 708 2140 Aquilone
721 2071 845 2132 remotis,

156 2147 193 2197 Et
203 2147 281 2199 coelo
290 2152 382 2197 terras
392 2145 527 2205 ostendit,
538 2148 567 2194 et
575 2141 691 2194 aethera
701 2143 791 2193 torris.

24 2226 29 2271 ἰ
98 2214 149 2271 330
157 2215 214 2268 Nec
225 2217 309 2266 uraris
321 2218 363 2266 ira
372 2221 479 2277 mauet3
494 2214 639 2280 positoque
649 2212 803 2278 tricuspide
814 2209 871 2261 telo

157 2285 265 2337 Mulcet
274 2301 359 2352 aquas
370 2293 463 2336 rector
474 2284 577 2350 pelagi:
591 2297 730 2350 supraque
742 2279 911 2348 profundum

43 2374 78 2391 ⁸-
158 2356 323 2416 Extantenr,
335 2360 418 2421 atque
430 2353 560 2420 barnerus
570 2354 666 2402 innato
678 2353 782 2402 murice
794 2356 898 2400 tectum

158 2424 322 2474 Caeruleum
335 2425 454 2473 'l'ritona
465 2429 559 2485 rocat3
576 2420 752 2487 conchaeque
764 2420 859 2469 sonaci

156 2493 298 2558 inspirare
307 2493 397 2554 iubet3
413 2492 567 2558 fluctusque
579 2499 607 2542 ct
619 2491 732 2541 flumina
743 2492 822 2556 signo

99 2563 149 2621 535
157 2563 216 2615 lam
229 2577 360 2613 revocare
372 2561 446 2612 dato.
467 2563 539 2612 Cara
549 2562 664 2612 buccina
674 2561 793 2610 sumitur
803 2557 845 2607 illi

159 2632 290 2695 Tortilis,
300 2633 328 2681 iu
340 2631 427 2681 latum
439 2647 510 2696 quae
522 2631 632 2682 turbine
643 2631 743 2680 crescit
754 2629 787 2678 ab
799 2629 867 2677 imo:

157 2701 295 2768 Buccina,
306 2717 377 2771 quae
389 2701 479 2754 medio
490 2701 616 2768 concepit
626 2703 657 2750 ut
668 2702 733 2750 aira
742 2702 838 2765 ponto,
