1926 3016
10 98 23 184 i
164 144 581 202 METAMORPHOSEON
599 147 678 203 LlB.
699 149 719 201 1.
791 149 821 202 11

10 244 11 259 ’
59 251 202 305 struxerit
211 251 327 301 insidias
337 255 420 301 notus
431 249 541 304 feritate
552 252 685 318 Lycaoni

58 321 258 373 Confremuere
270 336 378 372 omues:
391 321 543 389 studiisque
552 323 713 375 ardentibus
724 337 823 374 ausum

10 426 22 541 p
57 391 139 443 Talia
149 391 311 457 deposcunt.
333 389 391 451 Sic,
402 407 465 441 cum
476 408 573 441 uranus
584 395 670 460 impia
681 394 778 455 saevit,
832 408 883 443 200

57 459 199 528 Sanguine
210 461 347 511 Caesareo
359 459 513 510 Romanum
525 464 686 528 extinguere
697 477 808 524 nomen,

10 539 12 561 ³
56 532 214 582 Attonitum
224 535 303 581 tanto
314 531 423 580 subitae
434 535 543 581 terrore
554 533 651 583 ruinae

56 601 218 650 Humanum
229 615 316 667 genus
327 605 382 662 est3
399 605 531 667 totusque
542 599 702 666 perhorruit
711 600 795 653 orbis.

11 668 13 680 ²
57 670 114 722 Nee
124 670 174 720 tibi
186 677 266 735 grata
277 671 367 719 minus
377 670 479 734 pietas,
489 673 625 738 Auguste,
636 676 757 732 tuorum,

10 752 17 807 p
57 741 148 801 Quam
159 737 213 788 luit
224 739 274 789 illa
284 740 349 790 lovi.
371 741 424 801 Qui
436 746 582 806 postquam
592 755 660 793 voce
671 754 809 807 nranuque
833 736 882 793 205

56 809 204 862 Murmura
214 810 390 874 compressit3
406 816 522 860 tenuere
532 810 644 862 silentia
653 811 753 862 cuncti.

57 876 190 928 Substitit
201 883 231 928 ut
242 879 361 939 elamor,
372 892 483 942 pressus
494 881 632 945 gravitate
642 880 778 947 regentis3

57 947 162 1013 iupiter
173 946 226 998 hoc
236 949 340 998 iterum
350 961 477 998 sermone
487 948 599 999 silentia
610 951 725 1014 rumpit:

10 1060 12 1067 .
57 1017 108 1067 llle
119 1017 230 1084 quidem
242 1031 360 1081 poenas,
370 1032 464 1067 curam
476 1016 546 1068 banc
555 1019 701 1080 dimittite,
713 1016 809 1078 solvit3

10 1085 12 1092 '
58 1086 140 1146 Quod
152 1092 245 1137 tamen
258 1085 421 1145 admissum,
432 1088 550 1153 quaesit
563 1088 696 1148 vindicta,
708 1087 822 1138 docebo.
833 1103 883 1137 210

58 1156 221 1222 Contigerat
231 1159 343 1203 nostras
353 1152 467 1203 infamia
478 1156 612 1218 temporis
623 1170 716 1205 aures:

10 1238 14 1268 ἰ
57 1226 147 1286 Quam
158 1226 273 1288 cupiens
285 1222 398 1283 falsam,
409 1236 515 1272 sunrmo
528 1222 644 1272 delabor
654 1222 786 1288 Olympo,

58 1296 93 1344 Et
103 1294 183 1344 Deus
194 1292 315 1342 bumana
325 1292 414 1341 lustro
425 1290 475 1340 sub
486 1291 606 1357 imagine
617 1296 716 1341 terras.

10 1356 13 1422 ᾗ
58 1362 157 1430 Longa
168 1375 249 1413 mora
259 1366 314 1424 est,
327 1367 460 1428 quantum
469 1375 559 1411 noxae
570 1362 607 1412 sit
617 1361 720 1428 ubique
730 1375 773 1414 re·

474 1438 593 1496 portum,

10 1536 15 1545 ι
59 1501 242 1553 Enumerare:
258 1498 348 1550 minor
359 1498 480 1564 suitipsa
491 1499 689 1552 infamiavero.
833 1509 883 1562 215

57 1568 189 1622 Maenala
197 1570 377 1629 transieram,
388 1568 503 1618 latebris
515 1569 654 1621 horrenda
663 1569 797 1634 ferarum,

57 1641 167 1690 Etcum
179 1637 297 1704 Cyllene
308 1637 393 1705 gelidi
406 1639 500 1702 pineta
510 1639 625 1705 Lycaei.

58 1708 179 1761 Arcados
190 1706 253 1758 binc
262 1707 343 1759 sedes
355 1712 383 1757 et
393 1705 621 1772 inhospitateeta
631 1707 745 1776 tyranni

56 1777 216 1844 lngredior,
227 1775 372 1827 traherent
382 1792 444 1826 cum
455 1792 518 1827 sera
528 1778 693 1843 crepuscula
703 1782 822 1830 noctem.

57 1845 145 1912 Signa
157 1845 220 1896 dedi
230 1847 337 1896 venisse
349 1846 453 1909 Deum;
466 1847 620 1914 vulgusque
631 1848 741 1913 precari
834 1866 884 1903 220

57 1916 205 1981 Coeperat.
224 1915 327 1966 lrridet
337 1917 425 1981 primo
438 1917 484 1982 pia
493 1923 558 1967 vota
568 1917 697 1981 Lycaou3

57 1985 128 2036 Mox
139 1986 191 2046 ait,
202 1985 351 2051 Experiar,
361 1986 438 2036 Deus
449 1983 504 2047 hie,
516 1986 674 2036 discrimine
685 1987 793 2050 aperto,

59 2055 101 2105 Au
112 2055 150 2103 sit
160 2054 299 2105 mortalis:
315 2070 366 2105 nec
377 2056 431 2106 crit
441 2055 593 2106 dubitabile
604 2070 709 2106 vorum.

58 2122 151 2174 Nocte
162 2138 274 2190 gravem
286 2137 383 2175 somno
395 2140 446 2175 nec
457 2127 542 2189 opina
551 2123 669 2188 perdere
678 2125 770 2174 morto

58 2191 108 2242 Me
120 2197 210 2258 parat.
227 2194 306 2244 Haec
316 2193 358 2243 illi
371 2193 463 2257 placet
474 2193 645 2256 experientia
653 2191 721 2242 veri.
836 2196 884 2250 225

58 2259 120 2312 Nee
130 2267 276 2312 contentus
287 2277 334 2325 eo,
344 2262 420 2311 missi
432 2260 466 2311 de
476 2267 558 2327 geute
569 2260 695 2313 Molossa

59 2330 174 2381 Obsidis
184 2333 266 2381 unius
277 2331 403 2399 iugulum
414 2345 546 2381 mucrone
557 2330 685 2382 resolvit:

57 2401 150 2466 Atque
160 2401 201 2451 ita
210 2402 362 2452 semineces
373 2401 474 2466 partim
486 2399 658 2451 ferventibus
669 2403 747 2452 artus

57 2469 154 2522 Mollit
164 2472 256 2537 aquis,
266 2471 366 2536 partim
377 2471 501 2522 subiecto
512 2471 616 2521 torruit
625 2471 692 2539 igni.

58 2540 136 2601 Quos
147 2540 231 2590 simul
241 2540 374 2605 imposuit
384 2543 499 2603 niensis3
515 2555 566 2608 ego
577 2540 685 2595 vindice
696 2537 811 2594 tiammo.
836 2542 889 2594 aba

57 2608 91 2660 ln
103 2607 215 2657 domino
226 2609 324 2672 dignos
332 2610 420 2660 everti
432 2615 506 2664 tecta
518 2611 651 2669 Penatett.

51 2675 178 2723 Territus
183 2674 236 2726 illa
243 2675 334 2742 lagia
346 2684 510 2755 nactusque
519 2685 642 2745 silentia
651 2687 737 2744 rarle
