1926 3016
164 160 217 211 210
347 152 377 206 Ρ.
397 151 538 206 ovum
554 149 736 206 NASONIS

163 260 283 316 Vocibus
294 255 337 309 his
348 258 444 320 movit,
454 272 516 329 eum
527 258 582 308 ium
594 271 680 323 prope
689 260 791 323 partus
802 257 918 311 66666666

163 332 240 393 Quae
250 342 363 379 voveam
374 328 430 378 ’(166
436 331 513 376 sunt:
522 327 635 377 minimo
645 325 811 379 utrelevere
816 326 919 391 laborm

103 400 152 467 675
162 400 253 465 thue
265 412 369 448 marem
379 397 479 462 parias.
501 397 654 447 Onerosior
664 392 756 447 altera
765 410 830 448 sora
840 402 892 449 este
962 434 963 437 ,

162 470 199 519 lit
209 469 281 518 vires
292 467 418 517 Fortuna
427 471 519 532 neget.
538 465 618 526 Quod
629 465 791 529 abominor,
803 479 870 535 ergo
956 493 960 500 -

162 537 244 590 Edita
255 535 328 588 forte
337 540 387 585 tuo
399 533 484 585 fuerit
494 535 518 584 61
527 533 632 586 semina
641 538 737 599 partu3

162 607 267 658 lnvitus
279 604 392 655 maudut
409 605 644 671 pietas,ignusoe‚
655 609 780 655 necetur.

165 675 293 726 Dixerat:
310 679 339 725 et
348 672 470 724 lacrimis
479 673 586 724 vultum
598 672 690 723 lavere
700 672 836 738 profusis,

104 745 152 798 680
163 747 232 796 'l'am
244 744 290 810 qui
301 742 462 806 mandabat,
472 758 554 810 quam
564 742 606 792 oui
617 742 749 792 mandata
760 742 902 794 dabantur.

163 813 218 864 Sed
228 817 321 863 tamen
331 826 417 879 66666
427 826 507 862 suum
518 812 596 862 vanis
606 807 760 862 Telethusa
769 814 900 863 maritum

164 881 305 933 Sollicitat
316 881 455 947 precibus,
466 897 501 932 ne
511 895 587 947 spem
599 880 650 930 sibi
662 885 749 946 ponat
759 881 789 932 16
799 886 885 933 arcto.

164 952 247 1002 Certa
257 965 307 1001 sua
318 955 360 1001 est
369 949 458 1016 Ligdo
468 951 615 1001 sententia.
636 948 750 1018 lamque
760 947 877 1002 ferendo

163 1020 218 1071 Vix
229 1024 289 1070 erat
298 1019 349 1069 illa
359 1032 472 1085 gravem
483 1022 591 1070 maturo
602 1017 723 1085 pondere
734 1023 873 1083 ventrem3

103 1090 151 1144 685
164 1089 232 1139 Cum
243 1088 333 1139 medio
343 1087 431 1138 noetis
441 1088 544 1154 spatio,
555 1089 606 1140 sub
616 1084 737 1154 imagine
747 1089 848 1151 somni,

163 1157 270 1209 lnaclris
281 1163 345 1209 6666
356 1163 448 1208 torum
454 1193 462 1220 ,
473 1171 573 1223 pompa
583 1157 717 1208 comitata
727 1171 853 1221 suorum,

163 1228 219 1277 Aut
228 1231 319 1290 stetit,
330 1232 380 1278 aut
389 1228 448 1277 visa
457 1232 507 1279 est
527 1229 641 1279 lnerant
650 1224 763 1277 lunaria
772 1224 860 1278 irouti

164 1297 286 1360 Cornua,
298 1311 360 1348 cum
370 1298 451 1362 spicis
462 1296 549 1347 nitido
561 1294 727 1347 flaventibus
738 1310 818 1356 auro,

162 1367 200 1416 Et
211 1367 305 1434 regale
317 1366 415 1429 decus3
432 1381 493 1416 cum
504 1380 559 1434 qua
567 1364 687 1417 latrator
696 1365 812 1429 Anubin,

102 1435 152 1501 690
162 1433 319 1501 Sanctaque
330 1435 473 1497 Bubastis,
483 1437 630 1502 variusque
640 1433 780 1485 coloribus
789 1434 869 1502 Apist

163 1503 273 1569 Quique
283 1505 385 1568 premit
393 1517 489 1554 vocem
495 1540 503 1565 ,
514 1504 657 1571 digitoque
667 1501 781 1555 61166616
791 1503 901 1565 sutum

164 1571 307 1638 Sistraque
314 1578 401 1634 erant,
409 1572 919 1640 nunquamquesatisquaesitasOsiris,

162 1639 304 1707 Plenaque
315 1641 456 1692 somniferi
467 1657 580 1706 serpens
592 1643 739 1709 peregrina
748 1645 857 1694 veneni.

164 1710 239 1770 Cum,
249 1709 326 1760 velut
337 1725 478 1761 excussam
485 1725 590 1773 somno,
596 1716 624 1762 66
629 1709 780 1761 manifesta
785 1711 916 1762 videntem

102 1777 153 1845 665
165 1777 210 1829 Sic
221 1777 305 1837 allata
315 1780 377 1830 Dea
387 1785 441 1830 est:
460 1780 527 1830 Pars
539 1779 566 1830 0!
583 1778 737 1831 Telethusa
747 1795 882 1843 mearum,

163 1848 239 1900 Pone
250 1862 347 1914 graves
358 1864 452 1912 ouras3
468 1848 654 1916 mandataque
665 1847 732 1899 falle
744 1849 847 1900 mariti.

163 1916 221 1968 Neo
232 1917 340 1980 dubita,
352 1933 412 1969 oum
424 1923 451 1969 66
463 1922 544 1984 partu
555 1917 661 1968 Lucina
669 1917 780 1980 levarit,

164 1986 483 2056 'l'ollerequidquiderit
495 1987 556 2038 Dea
562 2002 622 2037 sum
629 1987 782 2049 auxiliaris,
789 1999 919 2054 opemque

163 2059 286 2108 Exorata
297 2056 369 2108 fero:
387 2073 437 2108 nec
447 2064 476 2108 te
489 2057 606 2107 66161666
617 2055 743 2123 quereris

105 2138 153 2188 70⁰
164 2127 307 2192 Ingratum
319 2141 429 2176 numen.
450 2127 574 2189 Monuit,
585 2124 764 2190 thalamoque
774 2126 898 2177 recessit

163 2195 252 2246 Laeta
262 2200 324 2245 toro
335 2197 437 2262 surgit,
449 2210 587 2263 purasque
600 2195 635 2245 66
646 2195 739 2245 sidera
749 2195 870 2261 supplex

164 2265 263 2315 Cressa
274 2280 371 2316 rnanus
382 2265 499 2327 tollens,
509 2271 572 2316 rata
582 2267 637 2314 sint
647 2279 698 2314 666
707 2265 767 2314 visa
777 2268 907 2329 precatur

164 2333 202 2384 Vt
215 2333 294 2384 dolor
304 2335 433 2395 increvit3
450 2349 534 2401 seque
545 2336 635 2400 ipsum
647 2333 755 2399 pondus
765 2334 795 2383 in
806 2347 889 2384 auras

166 2402 291 2465 Expulit,
303 2408 330 2454 et
342 2409 407 2454 nata
417 2408 459 2454 666
470 2405 567 2469 ignaro
579 2403 682 2454 femina
691 2404 779 2469 patri3

106 2468 153 2532 705
166 2472 249 2520 lussit
259 2472 295 2521 ali
308 2479 409 2534 nnater,
420 2487 535 2538 puerum
547 2473 675 2523 mentita:
691 2471 833 2539 iidemque

165 2541 218 2590 iles
230 2538 337 2590 habuit:
354 2557 442 2609 66666
454 2547 515 2593 orat
525 2541 603 2604 faeti,
614 2543 680 2604 6161,
691 2543 815 2605 conscia,
826 2541 919 2592 nutrit.

164 2609 237 2660 Vota
249 2608 326 2675 patei
339 2611 434 2673 solvit,
446 2625 599 2679 nomenque
611 2612 728 2676 imponit
738 2612 853 2665 avitum.

165 2676 236 2745 lphis
248 2694 316 2730 avus
327 2678 426 2731 fuerat.
449 2680 548 2732 Gavisa
559 2686 602 2734 666
611 2682 721 2732 nornine
731 2684 832 2742 mater,

954 2774 962 2811 1
