1926 3016
140 102 557 204 mernuosserrosrrori
574 151 654 205 LIB.
673 153 741 208 XV.
773 151 825 209 ³35

59 253 185 322 Cognovi
194 252 337 320 elypeum,
349 253 444 306 laevae
455 256 613 322 gestamina
622 260 727 322 nostru,

57 324 155 391 Nuper
164 324 296 376 Abanteis
308 325 414 389 templo
425 325 538 378 lunonis
549 327 576 376 in
587 327 676 394 Argis.

57 393 159 446 Omnia
170 399 327 444 mutantur:
343 392 526 446 nihilioterit.
546 396 643 459 Errat,
655 395 771 448 etilline
837 395 883 449 165

56 461 796 533 Hoevenit,liinoilluc‚etquoslibetoecupatariue
849 525 852 535 Ι

57 532 195 601 Spiritum
210 548 281 602 eque
293 534 362 586 seris
372 532 493 587 humane
503 535 531 586 in
543 550 662 602 corpore
673 537 784 600 transii,

55 604 146 673 Inque
157 601 232 655 ferus
241 604 351 667 noster,
360 619 413 656 nec
423 611 548 671 tempore
560 607 667 672 deperit
676 605 745 657 ullo.

55 675 152 742 thue
163 675 243 724 novis
253 672 343 724 facilis
354 675 481 742 signetur
492 691 557 728 cero
567 677 671 744 liguris,

27 751 33 756 ”
56 744 115 796 Nee
125 749 233 806 menet,
244 749 275 794 ul
286 743 390 807 suerat,
401 761 452 796 neo
462 745 565 796 formas
577 750 670 797 servat
680 745 802 809 easdem,
838 764 885 812 170

57 813 114 867 Sed
130 817 224 866 temen
240 814 303 880 ipsa
317 815 415 867 eadem
430 820 486 868 est:
505 818 626 867 enimam
641 817 682 868 eie
696 831 808 884 semper

401 888 403 893 ’
476 886 593 938 eandem
764 890 766 893 ’

58 954 141 1017 risse,
151 952 202 1004 red
211 953 241 1004 in
251 952 343 1004 verius
354 954 441 1006 doceo
451 956 573 1023 migrare
583 958 695 1025 ligurus.

58 1025 149 1092 Ergo,
161 1038 196 1074 ne
207 1024 297 1090 pietas
307 1025 345 1074 rii
355 1027 428 1077 victa
437 1026 567 1092 cupidine
578 1028 692 1090 ventris,

59 1092 181 1157 Parcite,
190 1095 338 1157 vaticinor,
348 1100 481 1162 cognatas
492 1097 577 1148 caede
588 1096 710 1148 nefande

58 1163 218 1216 Exturbare
229 1166 348 1216 animas:
364 1180 416 1216 nec
426 1168 561 1232 sanguine
571 1169 685 1234 sanguis
696 1164 799 1217 alatur.
838 1165 885 1234 175

57 1233 94 1286 Et
104 1235 237 1302 quoniam
247 1249 349 1302 magno
361 1235 437 1286 feror
449 1250 576 1302 aequore,
588 1236 726 1305 plenaque
736 1235 826 1288 veniis

59 1303 130 1357 Vela
139 1303 216 1355 dedi:
231 1303 303 1354 nihil
313 1311 356 1355 est
366 1310 427 1357 toto
440 1305 514 1372 quud
525 1311 630 1372 perstet
642 1307 670 1356 in
682 1306 758 1357 orbe.

59 1373 166 1425 Gunela
175 1373 279 1437 lluunt,
290 1375 435 1441 omnisque
445 1390 548 1441 vagans
560 1374 699 1427 formatur
708 1377 809 1445 imago.

57 1444 121 1510 lpse
131 1457 242 1512 quoque
251 1444 364 1495 assiduo
374 1444 506 1496 labuntur
518 1451 644 1511 tempora
655 1451 741 1508 motu,

58 1511 820 1582 Nonrecuseellumen.Nequeenimconsisterellumen,
838 1517 886 1567 180

59 1582 195 1636 Neelevie
206 1581 276 1634 hora
287 1589 390 1649 potest:
402 1585 451 1637 sed
462 1585 824 1653 utundaimpelliturunda,

10 1710 12 1717 ,
59 1654 238 1722 Vrgeturque
248 1655 325 1719 prior
335 1656 472 1718 veniente,
482 1662 618 1724 urgetque
628 1658 749 1723 priorem
756 1671 765 1704 :-

10 1726 12 1769 ἶ
60 1721 823 1793 Temporasiclugiuntpariter,par·iterquesequuntur:

59 1793 96 1844 Et
105 1808 179 1845 novo
189 1797 254 1844 eunt
264 1809 387 1862 semper:
404 1811 468 1861 num
479 1796 553 1861 quod
564 1795 616 1845 luit
627 1800 706 1856 ante,
721 1793 784 1846 reli-

476 1869 615 1926 ctumest,

58 1933 173 2003 Fitque,
188 1932 263 2004 quod
276 1931 351 1985 haud
369 1926 474 1994 fuerat,
488 1936 684 1998 momentaque
700 1936 801 1982 cuncte
838 1932 885 1984 185

477 2005 624 2051 novantur.

60 2073 158 2126 Cernis
168 2076 198 2126 ot
208 2087 331 2125 emersas
341 2074 371 2123 in
381 2071 472 2123 lucem
484 2070 598 2122 tendere
610 2074 715 2132 noctes,

58 2145 95 2196 lit
104 2144 187 2196 iubur·
197 2141 250 2196 lroe
260 2143 378 2193 nitidum
390 2143 486 2210 nigrae
497 2141 647 2192 succedere
658 2139 741 2192 noeli.

58 2213 116 2266 Nec
125 2212 204 2266 color
215 2218 258 2265 est
267 2213 341 2264 idem
354 2212 446 2273 coelo,
458 2227 520 2262 cum
532 2207 605 2262 lassa
617 2210 711 2278 quiete

60 2284 167 2336 Cuncta
177 2285 269 2335 iacent
280 2283 384 2344 medie,
395 2297 511 2348 cumque
522 2282 586 2333 ulbo
597 2279 713 2332 Lucifer
723 2280 781 2330 exii

60 2354 160 2405 Clonus
170 2368 254 2422 equo:
272 2367 438 2418 rursumque
450 2353 535 2413 alius,
546 2367 607 2403 curn
620 2351 733 2417 praevia
742 2349 799 2402 luci
833 2356 884 2417 '190

59 2423 239 2475 Tradendum
252 2420 363 2474 Phoebo
375 2420 528 2473 Pallantias
540 2423 627 2472 inlicit
638 2421 742 2472 orbem.

59 2494 121 2560 lpse
132 2492 186 2545 Del
197 2492 327 2560 clypeus,
337 2497 416 2544 terre
425 2507 486 2542 cunr
499 2491 610 2542 tollitur
618 2492 687 2552 ima,

58 2564 144 2615 Mane
155 2564 404 2631 ruben-terraque,
416 2563 511 2622 rubet,
523 2576 584 2611 cum
596 2561 725 2613 conditur
733 2563 801 2612 imur

60 2632 201 2685 Candidus
212 2634 240 2683 in
251 2648 359 2683 summo
372 2639 422 2683 est.
443 2632 545 2682 Melior
555 2637 656 2682 natura
666 2631 742 2698 quod
751 2630 809 2684 illie

59 2702 188 2760 Aetheris
199 2709 255 2769 eet,
265 2709 415 2772 terraeque
424 2701 523 2770 procul
533 2703 663 2772 contagia
672 2703 751 2754 vitae
840 2703 883 2768 195
