1926 3016
134 170 187 229 au
219 168 222 173 ·
265 172 269 179 ·
304 167 489 225 novruu
510 148 695 228 ursonis

73 278 125 332 iro
134 280 172 332 lit
181 276 277 329 desita
285 275 383 343 capiti,
391 273 495 343 populo
504 271 681 341 prohibente,
691 287 798 329 corum

132 344 266 399 Exhibuit
275 346 385 413 gemino
396 344 551 412 praesignia
560 349 690 412 tempora
699 358 796 396 corun.

132 415 278 468 Demisere
289 413 384 465 oculos
394 428 504 475 omnes,
513 414 704 482 gemitumque
713 413 831 465 dederes

132 484 222 553 Atque
231 482 302 535 illud
311 483 419 534 meritis
429 481 547 545 clarum,
557 482 620 549 quis
630 482 746 535 eredere
757 478 856 549 possiti

130 554 214 605 luvitl
223 552 320 605 sidere
330 558 426 619 caput:
443 565 495 602 nee
505 549 608 602 honore
618 565 716 603 carere

71 619 122 674 615
132 622 259 675 Vltorius
269 622 356 688 passi,
366 620 465 672 festam
474 621 634 685 imposuere
642 631 786 671 coronam.

133 691 169 743 ht
177 704 322 758 proceres,
332 690 460 757 quoniam
471 702 566 739 muros
576 688 684 740 intrare
693 690 810 752 vereris,

132 760 216 811 Ruris
226 757 355 809 honorati
365 761 473 808 tautum
484 757 548 820 tibi,
559 758 640 824 cipe,
650 756 764 820 dedere,

132 829 274 891 Quantum
285 825 417 893 depresso
428 827 560 877 subiectis
568 826 657 878 bubus
667 831 765 877 aratro

133 896 288 963 Complecti
296 910 393 963 posses
402 895 438 946 ad
448 896 531 946 linem
541 894 616 946 Solis
625 896 659 945 ab
671 901 747 946 ortu.

72 964 124 1017 eno
135 966 299 1034 Cornuaque
310 964 425 1026 aeratis,
437 966 536 1014 miram
545 963 700 1016 reserantia
709 962 838 1028 formam,

133 1034 262 1087 Postibus
270 1032 442 1101 insculpunt,
458 1032 572 1100 longum
582 1046 716 1085 mansura
726 1047 779 1100 per
789 1044 887 1086 sevum.

167 1102 285 1155 Pandite
295 1118 377 1165 nunc,
382 1102 489 1164 Musae,
500 1103 658 1169 praesentia
667 1103 785 1155 numina
792 1106 887 1161 vatum,

134 1172 218 1225 Scitis
227 1174 313 1235 enim,
324 1187 376 1223 nec
386 1185 434 1222 ros
445 1171 520 1223 fallit
532 1173 654 1238 spatiosa
664 1177 800 1236 vetustas,

134 1240 213 1294 Vnde
223 1241 382 1293 Coroniden
392 1240 554 1293 circumflua
564 1239 718 1307 Thybridis
727 1240 809 1294 alveo

73 1310 124 1363 ⁶25
134 1311 230 1363 Insula
237 1310 390 1363 Romuleae
401 1312 488 1361 sacris
498 1310 646 1362 adsciverit
654 1311 742 1362 urbis.

134 1380 205 1431 Dira
214 1380 276 1433 lues
286 1379 425 1448 quondam
437 1379 534 1430 Latias
542 1379 689 1432 unaverat
699 1394 793 1443 auras,

134 1447 300 1516 Pallidaque
310 1450 444 1515 exsangui
454 1447 618 1516 squalebant
628 1462 748 1515 corpora
758 1450 837 1501 tabo:

133 1516 288 1569 Funeribus
299 1517 365 1568 lessi
376 1522 439 1582 post
457 1532 521 1575 uam
532 1518 663 1569 mortalia
673 1523 794 1570 cernunt

134 1588 320 1638 'l'entameuta
329 1583 410 1647 nihil,
421 1585 449 1634 ni
470 1584 490 1635 il
501 1592 577 1637 artes
586 1601 668 1653 posse
677 1587 852 1650 medentum

75 1654 125 1709 ⁶50
134 1655 273 1706 Auxilium
283 1653 404 1705 coeleste
414 1659 526 1720 petunt:
542 1656 716 1721 mediamque
725 1661 853 1708 tenentes

137 1724 219 1776 Orbis
229 1721 344 1773 humum
354 1722 481 1789 Delphos
492 1724 609 1788 adeunt,
620 1724 735 1776 oracula
746 1725 860 1778 Phoebi:

135 1794 229 1862 thue
239 1791 386 1845 salutifera
397 1793 506 1844 miseris
516 1809 678 1846 succurrere
690 1795 776 1846 rebus

137 1861 219 1915 Sorte
229 1862 309 1925 velit,
319 1868 471 1931 tantaeque
481 1863 557 1914 urbis
568 1865 643 1915 mala
652 1866 746 1928 liniat,
758 1868 848 1917 orant.

136 1933 174 1984 Et
184 1932 276 1996 locus,
286 1938 316 1985 et
325 1932 436 1996 laurus,
446 1937 487 1995 ct,
498 1948 566 2000 quas
577 1932 660 1987 habet
670 1934 729 1996 illa,
740 1933 893 2000 pharetras,

76 2002 126 2054 ⁶35
136 2002 309 2055 Intremuere
319 2002 415 2053 simul:
431 2004 591 2071 cortinaque
601 2003 723 2055 reddidit
732 2006 790 2055 imo

136 2072 218 2124 ilaue
226 2071 313 2138 adyto
323 2086 431 2134 vocem,
442 2071 638 2140 pavefactaque
650 2079 767 2139 pectora
777 2073 875 2123 mouit:

137 2140 218 2203 Quod
229 2142 301 2207 petis
310 2139 387 2204 hinc,
398 2142 527 2207 propiore
538 2141 613 2205 loco,
624 2143 757 2205 Romane,
768 2144 895 2209 petissem

135 2212 174 2262 Et
184 2215 247 2277 pete
258 2224 332 2262 nunc
341 2212 469 2276 propiore
480 2210 556 2262 loco:
571 2227 623 2262 nec
633 2211 761 2277 Apolline
773 2212 861 2274 vobis,

136 2279 191 2341 Qui
202 2279 309 2330 minuat
320 2279 424 2342 luctus,
435 2295 503 2346 opus
514 2285 568 2343 est,
580 2281 629 2332 sed
639 2280 769 2346 Apolline
780 2287 855 2332 nato.

77 2346 127 2401 640
138 2349 180 2400 lte
191 2348 271 2398 bonis
283 2348 391 2411 aribus,
401 2349 564 2416 prolemque
574 2351 704 2401 arcessita
716 2354 851 2400 nostram.

137 2417 217 2469 lussa
227 2416 281 2468 Dei
292 2418 413 2484 prudens
423 2423 569 2486 postquam
581 2434 645 2470 acce
666 2433 714 2470 cre
724 2417 856 2480 Senatus,

138 2486 230 2549 Quam
242 2485 331 2549 colat,
341 2488 498 2553 explorant,
508 2489 614 2539 iuuenis
626 2434 783 2540 Phoebeius
793 2487 897 2548 urbem,

138 2555 249 2622 Quique
260 2561 357 2621 petant
365 2558 455 2608 uentis
466 2558 616 2622 Epidauria
627 2558 725 2608 littora
735 2557 860 2608 mittunt.

139 2622 219 2686 Quae
229 2624 313 2674 simul
322 2626 436 2676 incurva
445 2628 521 2677 missi
532 2629 650 2694 tetigere
661 2625 764 2688 carina,

78 2690 130 2750 ets
141 2692 295 2747 concilium
306 2692 462 2764 Graiosque
473 2701 566 2764 patrea
575 2696 686 2756 adiere,
696 2693 861 2766 darentque,
