1926 3016
102 132 516 190 METAMORPHOSEON
533 137 611 190 LlB.
630 138 664 190 X.
716 139 768 193 215

46 237 92 290 dle
101 236 194 290 redire
204 235 280 288 mihi.
299 238 371 289 Leto
381 240 500 305 gaudete
511 241 637 292 duorum.

47 307 92 358 ‚lia
104 306 255 369 dicentem,
266 321 419 374 nervosque
429 309 464 359 ad
475 309 559 360 verba
569 316 732 375 moventem,
777 313 810 363 io

48 390 170 442 sanguen
181 374 286 427 flebant
296 378 412 429 animae.
432 377 491 429 Nec
499 378 636 429 Tantalus
646 379 746 431 undam

46 443 286 512 ptavitrefngam:
303 447 463 514 stupuitque
473 448 576 499 Ixionis
586 447 669 498 orbis.

49 530 64 565 c
75 527 207 579 carpsere
217 515 293 566 ieeur
303 515 443 568 volucres:
459 519 591 583 urnisque
601 523 735 568 vacarunt

47 582 133 634 lides:
146 581 230 649 inque
241 588 290 634 tuo
300 584 408 648 sedisti,
420 584 553 653 Sisyphe,
564 600 640 636 saxo

48 667 80 702 ,m
90 651 209 718 primum
221 651 341 704 lacrimis
350 656 486 705 victarum
497 656 619 706 carmine
629 654 704 706 fama
715 660 757 706 est
776 655 808 705 45

49 721 192 773 menidam
202 722 341 775 maduisse
351 738 449 790 genas:
464 740 515 776 nee
525 725 602 791 regia
613 724 715 774 coniux

48 792 134 843 stiuet
143 793 249 854 oranti,
260 807 312 844 nec
322 795 369 860 qui
379 795 451 859 regit
460 796 528 856 ima,
538 809 572 844 ne
592 808 652 845 are:

48 859 221 927 rydieeuque
232 867 340 912 vocant.
358 862 477 915 Vmbras
488 869 549 914 erat
557 809 607 914 ida
617 866 743 914 recentes

48 944 95 982 er:
112 934 142 980 et
151 930 263 981 incessit
273 945 355 997 passu
365 932 399 984 de
410 933 524 984 vulnere
535 932 624 984 tardo.

48 1014 87 1051 ‚ne
96 998 193 1062 simui,
205 1003 233 1050 et
243 1000 334 1068 legem
343 1001 520 1070 Rhodopeius
531 1002 632 1068 accipit
641 999 733 1063 heros,
778 1006 810 1051 50

55 1065 153 1120 flectat
162 1073 239 1120 retro
249 1085 300 1120 sua
310 1071 428 1134 lumina,
440 1073 529 1123 donee
537 1074 660 1124 Avernas

48 1137 114 1189 ierit
123 1136 222 1189 valles:
238 1143 289 1189 aut
297 1141 379 1190 irrita
389 1140 462 1190 dona
472 1140 574 1190 futura.

48 1208 139 1273 rpitur
149 1206 270 1258 acclivus
281 1222 331 1274 per
341 1213 418 1258 muta
427 1207 538 1258 silentia
548 1212 661 1270 trames,

49 1275 130 1338 iuus,
141 1275 290 1338 obscurus,
300 1277 418 1343 caligine
429 1276 531 1328 densus
542 1289 636 1342 opaea.

49 1344 172 1411 cprocul
183 1345 332 1396 abfuerunt
342 1345 451 1397 telluris
462 1347 585 1412 margine
596 1359 727 1396 summae.
778 1342 810 1394 55

49 1429 73 1477 r,
83 1428 120 1465 ne
129 1414 275 1476 deficeret,
287 1419 425 1476 metuens,
436 1415 588 1481 avidusque
599 1413 718 1475 videndi,

49 1484 99 1534 ixit
109 1497 205 1534 amens
215 1482 322 1533 oculos:
338 1488 368 1535 et
378 1485 504 1549 protinus
513 1483 564 1534 illa
573 1483 684 1548 relapsa
694 1488 744 1534 est.

49 1550 182 1619 aehiaque
195 1551 355 1617 intendens,
369 1553 522 1621 prendique
537 1558 565 1605 et
579 1552 715 1620 prendere

422 1637 454 1674 ea
473 1628 535 1674 tans

49 1691 55 1741 l
65 1689 119 1742 nisi
131 1690 260 1741 cedentes
269 1687 369 1742 infelix
379 1637 477 1758 arripit
487 1706 577 1744 auras.

49 1773 122 1828 nque
131 1759 233 1811 iterum
243 1760 365 1812 moriens
374 1775 431 1812 non
442 1766 485 1812 est
496 1761 530 1813 de
541 1760 657 1828 coniuge
668 1758 745 1827 quid·
778 1757 810 1809 6ο

439 1846 502 1883 uam

52 1902 115 1950 esta
124 1911 187 1948 suo:
200 1897 265 1965 quid
276 1899 349 1950 enim
358 1899 412 1951 nisi
421 1846 452 1951 de
458 1903 622 1968 quereretur
629 1895 767 1948 amataml

49 1982 230 2034 premumque
241 1967 315 2030 vale,
327 1968 399 2035 quod
410 1971 465 2018 iam
476 1969 521 2018 vix
532 1968 645 2017 auribus
655 1967 703 2016 illc

50 2038 165 2103 riperet,
177 2037 258 2087 dixit:
275 2037 456 2104 revolutaque
465 2050 562 2087 rursus
574 2035 669 2087 eodem
682 2039 731 2086 est.

52 2123 70 2157 n
81 2105 165 2158 aliter
175 2107 282 2172 stupuit
291 2107 402 2173 gemina
411 2121 480 2158 nece
491 2106 616 2172 coniugis
626 2103 761 2170 Orpheus,

53 2189 100 2226 am
109 2178 164 2226 tria
175 2177 220 2242 qui
230 2176 356 2238 timidus,
367 2176 459 2227 medio
470 2179 600 2243 portante
610 2177 730 2234 catenas,
780 2169 811 2221 ⁶5

50 2243 89 2296 lla
98 2245 174 2296 canis
184 2245 264 2297 vidit:
279 2260 361 2312 quem
372 2260 426 2294 non
437 2250 598 2310 perorante
609 2241 729 2308 reliquit,

53 2328 99 2365 am
109 2320 210 2366 natura
220 2318 309 2379 prior,
320 2325 388 2364 saxo
398 2327 447 2378 per
458 2327 559 2378 eorpus
569 2312 681 2362 oborto:

52 2384 119 2451 ique
129 2384 158 2432 in
168 2398 198 2434 se
209 2383 312 2434 crimen
323 2383 421 2445 traxit,
430 2382 572 2448 voluitque
582 2380 669 2432 rideri

51 2465 115 2504 euos
125 2467 186 2504 esse
196 2466 311 2503 nocens:
327 2456 413 2518 tuque
423 2451 451 2502 0!
467 2452 570 2502 conlisa
580 2450 694 2517 figurae,

51 2519 109 2573 'elix
119 2519 258 2583 Lethaea,
269 2525 350 2583 tuae;
365 2521 537 2571 iunctissima
548 2519 684 2586 quondam
780 2535 812 2587 70

51 2595 140 2652 ctora,
149 2605 224 2640 nunc
234 2590 354 2656 lapides,
365 2604 435 2658 quos
445 2587 558 2639 humida
568 2591 686 2640 sustinet
695 2587 750 2638 lde.

51 2657 329 2728 antem,irustraque
339 2661 442 2714 iterum
452 2659 572 2711 transire
582 2657 728 2720 volentem,
