1926 3016
115 156 168 212 soe
218 192 230 205 .
307 153 336 208 r.
356 152 495 208 ovibu
512 129 697 209 sisoius

115 260 230 313 Talibus
241 259 397 328 ingenium,
407 273 457 310 seu
467 271 566 309 caussa
577 261 620 308 est
628 255 714 310 huius
725 259 755 312 in
764 261 828 328 ipsa,

116 331 172 383 Seu
182 328 276 382 Venus
286 329 390 379 indicio
401 327 469 379 tacit
479 326 532 378 boe
542 324 651 379 offensa
660 335 790 396 paterno,

114 399 198 452 Talia
207 399 293 451 verba
302 398 403 451 refert:
420 388 525 450 Melius
536 411 687 466 sequerere
699 400 842 461 volentem,

117 471 323 538 optantemque
335 468 445 531 eadem,
457 465 595 537 parilique
606 468 738 536 eupidine
749 477 853 538 captam.

71 542 106 596 50
116 540 225 608 Dignus
237 554 311 591 eras:
327 538 404 590 ultre
414 542 528 605 poteras
538 542 670 606 certeque
681 541 792 608 rogari:

115 611 167 674 Et,
177 610 202 661 si
212 624 290 677 spem
301 608 427 670 dederis,
435 605 503 659 mihi
514 606 610 672 crede,
620 623 653 660 ro
691 610 767 661 beris
777 608 853 661 ultro.

23 734 29 741 ,
116 679 178 733 Neu
188 678 314 742 dubites,
325 679 453 747 absitque
464 683 530 730 tuae
541 676 646 731 fiducia
669 693 779 731 ermae:

116 752 160 803 En
171 764 236 817 ego,
247 764 310 802 cum
321 747 384 800 Dea
393 750 458 813 sim,
469 747 550 799 nitidi
561 762 623 800 cum
634 748 695 800 lilia
706 747 788 812 Solis,
807 800 810 808 ,

118 821 247 871 Carmine
259 833 321 871 cum
327 823 446 879 tantum,
452 822 563 869 tantum
570 832 632 870 cum
639 820 767 886 gramine
772 820 863 887 possin

73 891 106 946 55
119 890 158 943 vt
167 895 218 940 tua
228 891 400 952 sim,v0ve0.
420 887 732 955 Spernentemsperne:
749 888 864 958 sequenti

116 958 212 1011 Redde
223 960 309 1010 vices:
316 954 438 1026 'unoque
449 959 520 1010 duos
531 956 666 1010 ulciscere
676 957 763 1010 iacto.

117 1027 199 1080 Talia
207 1029 342 1089 tentanti,
352 1027 450 1092 Prius,
460 1028 563 1095 inquit,
573 1028 602 1078 in
613 1033 739 1096 aequore
749 1027 862 1087 frendes,

117 1097 253 1161 Glaucus,
265 1104 294 1149 et
302 1098 330 1147 in
340 1099 455 1148 summis
465 1101 617 1149 nascentur
627 1098 771 1150 montibus
781 1094 865 1165 algae3

118 1166 230 1234 Sospite
241 1183 324 1236 quam
335 1165 433 1235 Scylla
442 1168 532 1218 nostri
544 1170 691 1218 mutentur
700 1182 817 1220 amores.

74 1241 108 1292 40
119 1238 266 1305 indignata
276 1237 339 1289 Dea
347 1241 403 1289 est:
421 1242 450 1288 et
458 1237 571 1289 laedere
583 1241 723 1303 qnatenus
734 1239 822 1304 ipsum

118 1307 181 1360 Non
192 1312 317 1375 poterat,
327 1323 380 1360 nee
389 1306 476 1359 vellet
486 1321 597 1370 amans,
611 1306 748 1359 irascitur
755 1307 806 1370 illi,

119 1378 197 1440 Quae
208 1377 260 1428 sibi
272 1377 398 1445 praelata
404 1382 459 1429 est:
471 1376 647 1444 Venerisque
653 1374 865 1444 offensarepulsu

118 1447 250 1506 Protinus
261 1445 409 1499 horrendis
419 1445 535 1499 infamia
544 1445 647 1514 pabula
658 1448 750 1500 suecis

119 1518 261 1568 Conterit:
277 1521 306 1568 et
315 1517 390 1567 tritis
398 1517 538 1568 Hecateia
550 1517 675 1568 carmina
684 1519 799 1582 miseet3

74 1582 107 1638 45
120 1585 294 1653 Caerulaque
305 1586 431 1637 induitur
439 1587 590 1638 velamina:
607 1601 714 1655 perque
725 1587 844 1640 ferarum

118 1659 223 1724 Agmcn
236 1655 399 1707 adulantum
411 1657 502 1708 media
512 1657 640 1723 procedit
651 1659 685 1709 ab
696 1657 776 1709 aula:

120 1727 447 1794 Oppositamquepetens
457 1732 555 1778 contra
564 1726 699 1778 Zancleia
708 1742 777 1779 saxa

118 1795 245 1864 Rhegion
257 1798 427 1864 ingreditur,
439 1796 579 1848 feruentes
591 1797 716 1849 aestibus
727 1797 826 1850 undasz

118 1867 274 1934 inquibus,
287 1872 316 1918 ut
326 1866 430 1930 solida,
440 1868 519 1935 ponit
529 1868 661 1935 vestigia,
670 1868 747 1935 ripa3

75 1938 108 1991 50
120 1935 287 2005 Summaque
299 1937 422 1989 decurrit
430 1938 545 2005 pedibus
556 1952 640 2003 super
652 1952 778 2006 aequora
788 1935 865 1988 siccis.

118 2007 224 2059 Parvus
236 2011 297 2059 erat
306 2023 423 2075 gurges,
434 2023 532 2058 curvos
542 2009 670 2058 sinuatus
680 2010 710 2057 in
720 2023 810 2070 arcus,

118 2077 206 2128 Grata
217 2078 295 2144 quies
307 2077 431 2144 Scyllae:
448 2092 503 2145 quc
514 2093 544 2129 se
555 2077 698 2129 referebat
708 2077 743 2128 ab
754 2083 831 2129 aestu

117 2147 154 2197 Et
164 2149 249 2197 niaris
260 2152 288 2198 et
299 2146 369 2199 coeli
376 2185 384 2210 ,
395 2148 487 2200 medio
499 2163 559 2198 cum
571 2147 711 2214 plurimus
723 2147 790 2198 orbe

119 2214 168 2268 Sol
179 2222 253 2279 erat,
266 2221 295 2268 et
305 2219 433 2269 minimas
445 2219 574 2270 avertice
585 2217 693 2269 fecerat
705 2216 826 2268 umbras.

75 2278 107 2331 55
118 2286 201 2337 Hune
210 2288 272 2338 Dea
284 2290 444 2353 praevitiat,
455 2288 703 2356 portentiferisque
714 2287 828 2339 venenis

118 2357 263 2422 lnquinat:
280 2356 345 2408 huic
357 2358 433 2409 fusos
444 2359 542 2410 latices
553 2359 646 2410 radice
657 2359 770 2410 nocenti

119 2424 245 2493 Spargit‚
262 2433 291 2479 et
301 2429 449 2479 obscurum
461 2429 608 2479 verborum
620 2429 738 2496 ambage
749 2438 865 2479 neturus

118 2495 174 2546 Ter
185 2499 279 2547 novies
291 2513 402 2550 carmen
413 2500 520 2566 magico
533 2499 728 2550 demurmurat
739 2513 795 2550 ore.

118 2562 215 2632 Scylla
225 2567 312 2629 venit,
324 2568 469 2638 mediaque
479 2575 561 2620 tenus
573 2569 757 2622 descenderat
767 2567 844 2631 alum

75 2634 107 2685 bo
120 2635 188 2684 Cum
199 2651 251 2686 suu
261 2635 368 2688 focdari
380 2639 545 2691 latrantibus
556 2641 671 2707 inguina
680 2637 815 2689 monstris

115 2703 254 2777 Adspicit:
271 2720 304 2760 ac
314 2709 401 2778 primu
412 2724 468 2762 non
479 2709 595 2764 credens
607 2708 733 2770 corporis
743 2707 808 2761 illas
