1926 3016
116 164 169 221 ³³2
302 160 333 215 Ρ.
352 158 495 215 0ku
511 156 700 215 NASONIS

71 274 106 326 do
149 270 202 323 Vir
212 264 335 329 luitbie,
345 270 409 317 ortu
420 262 544 317 Samiusr
559 264 609 317 sed
619 264 736 335 fugerat
745 280 803 318 una

113 343 152 395 Et
162 338 280 399 Samon,
291 342 321 388 et
329 336 472 406 donnino„
488 334 609 403 odioque
619 337 783 403 tyrannidis
792 338 863 389 exsul

116 409 221 477 Sponte
232 412 301 459 erat.
321 406 416 472 lsque,
427 404 494 455 lieet
503 405 576 456 coeli
588 406 704 473 regione
715 412 846 470 remotos,

115 482 212 533 Mente
224 476 300 529 Deos
310 475 392 526 adiit:
408 478 451 536 et,
461 489 532 541 quae
542 480 645 525 natura
655 476 781 543 negabat

114 550 228 603 Visibus
239 545 379 607 humanis,
389 543 477 594 oculis
486 558 520 594 ea
530 546 655 610 pectoris
665 542 771 597 bausit.

70 622 104 675 65
117 621 241 686 Cumque
252 617 359 677 animo,
370 618 399 665 et
408 613 484 681 vigili
496 620 681 680 perspexerat
690 618 787 669 omnia
798 631 865 679 cura,

114 690 146 742 In
159 687 281 740 medium
293 683 425 736 discenda
436 684 534 733 dabat:
551 688 721 753 coetumque
731 686 866 749 silentum,

114 760 254 825 Dictaque
265 756 429 816 mirantum,
440 753 533 820 magni
544 754 699 819 primordia
709 757 818 821 mundi,

114 830 152 881 Et
161 842 254 879 rerum
266 839 391 886 caussas,
403 829 431 874 et
441 824 507 890 quid
519 829 633 886 natura,
643 823 780 877 docebam

115 897 189 961 Quid
200 896 291 947 Deus:
301 894 375 945 unde
385 894 476 956 nives,
487 908 558 960 quae
569 892 697 945 fulminis
706 900 784 947 esset
795 896 877 965 origot

71 986 103 1039 7⁰
112 969 235 1033 Iupiter,
246 979 282 1014 an
290 965 381 1025 venti,
392 963 517 1014 discussa
527 964 615 1027 nube,
624 968 774 1016 tonarcnt:

114 1035 188 1100 Quid
198 1039 328 1103 quateret
338 1039 444 1096 terras3
459 1047 516 1100 qua
526 1034 620 1086 sidera
630 1034 694 1103 lege
704 1038 845 1099 mearent,

113 1108 152 1159 Et
161 1105 344 1175 quodcunque
354 1104 432 1155 latet
452 1102 618 1172 Primusque
628 1104 765 1157 animalia
773 1108 872 1157 mensis

114 1178 213 1229 Arcuit
223 1176 340 1241 imponit
356 1174 462 1241 primus
472 1188 583 1243 quoque
594 1174 699 1226 talibus
709 1189 763 1227 ora

114 1247 209 1298 Docta
219 1246 330 1314 quidem
341 1244 438 1307 solvit,
449 1244 498 1295 scd
508 1260 564 1295 non
576 1250 604 1296 et
614 1244 724 1296 creditu
734 1245 838 1298 verbisz

72 1315 105 1383 75
116 1316 241 1379 Parcite,
251 1314 398 1379 mortales,
410 1315 527 1380 dapibus
537 1320 677 1367 temerare
687 1314 816 1368 nefandis
912 1316 916 1323 '

117 1387 255 1453 Corpora:
272 1391 339 1436 sunt
350 1384 458 1453 irriges,
469 1390 535 1435 sunt
544 1384 714 1437 deducentia
723 1400 819 1438 ramos

118 1456 245 1508 Pondere
255 1471 338 1522 poma
347 1470 413 1517 suo,
424 1454 605 1523 tumidaeque
615 1455 642 1504 in
652 1455 758 1507 vitibus
768 1470 861 1511 trraet.

118 1524 190 1577 Sunt
199 1524 302 1576 herbae
313 1524 423 1575 dulces:
435 1529 513 1586 sunt,
524 1538 595 1592 quae
605 1526 754 1577 mitescere
766 1524 880 1584 damma,

117 1595 279 1662 Mollirique
290 1598 400 1661 queant.
421 1592 565 1645 Nectabis
576 1594 683 1646 lacteus
695 1593 798 1648 humor

74 1668 108 1717 80
119 1665 256 1730 Eripitur,
267 1680 318 1714 nec
329 1664 414 1714 mella
424 1661 514 1728 thymi
526 1664 685 1715 redolentia
696 1664 805 1717 florem.

118 1735 240 1800 l'rodiga
251 1733 373 1796 divitias,
385 1733 574 1801 alimentaque
585 1736 663 1785 mitia
673 1734 762 1786 tellus

119 1804 263 1872 suggerit:
279 1807 362 1872 atque
379 1803 475 1871 epulas
490 1804 550 1855 sine
565 1804 650 1856 caede
666 1810 697 1857 ct
710 1805 845 1874 sanguine

535 1874 659 1940 praebet,

120 1946 210 1996 Carne
220 1943 298 1997 ferae
309 1943 409 1995 sedant
419 1944 535 2006 ieiunia,
547 1960 597 1996 nec
607 1949 704 2005 tannen
715 1959 821 1997 omnes.

119 2014 227 2081 Quippe
238 2030 338 2082 equus,
349 2019 378 2065 et
387 2014 521 2081 pecudes,
532 2021 717 2083 armentaque
727 2017 852 2082 gramine

535 2085 640 2135 vivunt.

75 2155 108 2208 85
119 2155 156 2206 dt
169 2153 268 2223 quibus
283 2154 425 2221 ingenium
442 2159 484 2206 est
499 2155 771 2224 immansuetumque
787 2153 826 2207 le-

263 2252 266 2257 -
536 2240 598 2275 rum
619 2240 663 2287 ue,

119 2293 321 2360 Armeniaeque
331 2294 431 2360 tigres,
441 2240 624 2362 iracun'ulquqe
635 2295 743 2357 leones,
819 2297 822 2303 '

120 2363 245 2429 Cumque
256 2363 327 2429 lupis
337 2364 403 2424 ursi,
416 2363 533 2429 dapibus
544 2361 878 2433 cumsanguinegaurlent

118 2432 184 2483 Heu
196 2437 329 2499 quantum
341 2432 431 2483 scelus
442 2438 496 2495 est,
508 2435 536 2483 in
546 2435 654 2485 viscera
664 2436 773 2486 viscera
784 2433 869 2495 condi,

120 2501 313 2569 Congestoque
324 2503 434 2552 avidum
446 2505 627 2570 pinguescere
639 2519 759 2572 corpore
770 2516 880 2572 corpus3

77 2588 110 2641 qo
120 2569 296 2638 Alteriusque
308 2574 476 2623 animantem
488 2575 636 2624 animantis
647 2572 825 2626 vivere-leto!

120 2638 234 2693 Scilicet
243 2642 271 2690 in
283 2645 369 2692 tantis
381 2644 492 2709 opibus,
502 2659 586 2711 quas,
596 2645 703 2711 optima
713 2650 846 2708 matrum,

120 2709 210 2764 Terre
219 2712 308 2783 parit,
319 2711 360 2765 nil
368 2716 397 2766 te
407 2713 461 2765 nisi
469 2716 563 2767 tristia
572 2714 706 2767 mandere
715 2728 800 2773 saevo

893 92 904 149 ἰ
