1926 3016
133 147 166 199 12
319 143 349 196 P.
369 142 510 195 ovlml
528 138 710 194 NASONIS

130 248 278 310 Exululat,
290 246 450 314 frustraque
461 245 538 314 loqui
549 250 677 297 conatur:
693 243 727 294 ab
737 244 798 310 ipso

132 319 247 386 colligit
258 333 289 369 os
300 318 419 378 rabiem,
430 316 585 383 solitaeque
596 315 725 381 cupidine
736 313 828 364 caedis

72 390 122 445 235
131 389 261 443 Vertitur
271 389 301 438 in
312 385 444 454 pecudes:
460 391 489 437 et
498 401 571 435 nuno
583 399 693 452 quoque
704 380 840 452 sanguino

550 454 662 521 gaudet.

131 527 163 581 ln
173 525 255 577 villos
266 524 371 578 abeunt
381 528 485 587 vestes,
494 525 524 574 in
535 539 617 574 crura
628 522 735 574 lacerti.

130 596 179 647 Fit
189 596 287 662 lupus,
297 601 326 646 et
334 597 437 648 veteris
446 598 539 645 serrat
548 593 665 658 vestigia
676 591 792 643 formae.

132 665 255 717 canities
267 665 364 716 eadem
376 669 431 727 est,
443 663 539 715 eadem
549 661 683 713 violentia
692 661 786 711 vultu:

130 733 208 786 ldem
220 734 295 785 oculi
305 734 411 786 lucent:
428 733 526 784 eadem
538 731 658 782 feritatis
669 732 771 797 imago.

72 798 123 853 240
131 802 241 854 Occidit
250 818 307 853 una
317 803 427 853 domus:
442 802 491 853 sed
502 816 557 851 non
568 800 666 851 domus
676 815 733 849 una
745 799 837 866 perire

130 872 224 938 Digna
235 871 303 933 fuit3
319 887 375 939 qua
384 877 461 922 terra
471 876 562 938 patet,
572 869 633 920 fera
642 874 743 936 regnat
753 869 883 936 Erinnys.

131 943 164 994 ln
174 940 283 991 lacinus
293 942 400 991 iurasse
412 946 502 1005 putes.
523 940 598 990 Dent
609 941 685 990 ocius
696 953 801 1002 omnes,

133 1010 209 1074 Quas
219 1024 347 1060 meruere
359 1011 431 1074 pati,
441 1010 480 1058 sic
491 1013 547 1058 stat
557 1011 709 1070 sententia,
722 1023 835 1075 poenas.

167 1079 253 1130 Dicta
262 1079 335 1130 lovis
346 1093 411 1146 pars
422 1092 488 1130 voce
500 1079 632 1144 probant,
643 1079 827 1146 stimulosque
839 1077 880 1129 fu·

549 1150 623 1201 renti

72 1217 122 1271 245
131 1215 285 1271 Adliciuntr
300 1217 348 1268 alii
360 1224 456 1284 partes
467 1219 624 1270 assensibus
633 1217 759 1283 implent.

131 1287 183 1339 Est
192 1293 286 1338 tamen
297 1285 411 1338 humani
422 1289 533 1353 generis
543 1289 653 1338 iactura
663 1287 757 1337 dolori

132 1356 278 1407 Omnibus=
294 1360 335 1419 et,
346 1370 417 1423 quae
428 1357 465 1404 sit
475 1361 582 1417 terrae,
593 1355 760 1406 mortalibus
772 1353 865 1419 orbae,

131 1425 236 1477 Forma
247 1422 356 1486 sutura,
368 1428 480 1488 rogant:
496 1425 557 1489 quis
568 1425 606 1472 sit
615 1424 724 1472 laturus
735 1426 764 1472 in
775 1438 839 1473 aras

132 1491 228 1545 ’l'ural
242 1491 345 1543 ferisne
356 1497 438 1558 paret
447 1491 620 1557 populandas
629 1490 743 1544 tradere
753 1493 862 1543 terrast

73 1563 123 1616 250
133 1561 216 1615 Talia
226 1567 404 1628 quaerentes,
415 1562 467 1611 sibi
479 1561 552 1612 enim
564 1560 626 1612 lore
636 1567 747 1613 caetera
758 1577 851 1625 curae,

56 1653 58 1656 ⁴
131 1633 192 1684 Rex
204 1629 342 1696 Superum
352 1631 494 1697 trepidare
504 1636 592 1695 vetat;
603 1630 783 1699 sobolemque
794 1633 882 1698 priori

132 1700 303 1753 Dissimilem
314 1700 419 1768 populo
431 1701 570 1767 promittit
580 1702 687 1768 origine
698 1702 777 1752 mira.

132 1771 246 1837 lamque
258 1772 357 1822 eratin
367 1775 442 1822 totas
452 1784 601 1836 sparsurus
612 1771 729 1821 fulmina
739 1777 843 1833 terras3

133 1839 189 1892 Sed
199 1840 306 1902 timuit,
317 1857 351 1892 ne
363 1840 437 1890 forte
448 1855 528 1891 sacer
538 1846 581 1892 tot
591 1845 625 1894 ab
636 1842 745 1907 ignibus
756 1839 853 1890 aether

74 1906 124 1960 255
135 1910 300 1976 conciperet
310 1909 448 1972 flammas,
459 1909 615 1979 longusque
626 1910 785 1961 ardesceret
795 1911 864 1961 axis.

134 1981 204 2032 Esse
215 1994 324 2048 quoque
335 1982 363 2030 iu
373 1979 439 2031 fatis
449 1981 651 2042 reminiscitur,
663 1978 750 2030 allore
761 1985 879 2043 tempus,

135 2051 198 2112 Quo
209 2064 298 2112 mare,
309 2065 363 2117 quo
373 2048 472 2112 tellus,
484 2055 667 2116 correptaque
679 2050 758 2114 regia
768 2048 840 2099 coeli

135 2120 253 2181 Ardeat,
265 2124 294 2171 et
305 2120 400 2171 mundi
411 2119 498 2171 moles
510 2133 629 2187 operosa
639 2119 756 2169 laboret,

136 2189 207 2242 Tela
216 2195 391 2256 reponuntur
401 2191 527 2240 manibus
538 2189 675 2240 fabricata
686 2189 849 2255 Cyclopum.

77 2262 127 2318 260
136 2257 232 2310 Poena
241 2259 333 2325 placet
343 2260 465 2324 diversa3
480 2276 568 2327 genus
578 2259 697 2311 mortale
708 2259 759 2308 sub
772 2258 853 2309 undis

136 2326 273 2390 Perdere,
284 2336 357 2380 etex
368 2332 442 2380 omni
453 2330 560 2381 nimbos
572 2330 712 2380 dimittere
725 2327 812 2379 coelo.

133 2396 269 2450 Protinus
278 2397 382 2449 Aeoliis
393 2399 556 2466 Aquilonem
567 2400 673 2450 claudit
682 2400 710 2447 in
720 2399 816 2460 antris,

135 2467 174 2520 Et
183 2481 363 2534 quaeeunque
375 2467 474 2534 fugant
483 2469 610 2520 inductas
621 2467 733 2519 flamina
743 2468 843 2517 nubes:

136 2536 302 2602 Emittitque
312 2534 424 2586 Notum.
445 2537 567 2588 Madidis
579 2537 668 2589 Notus
679 2536 773 2589 evolat
783 2535 847 2599 alis,

78 2607 128 2664 265
137 2604 304 2658 Terribilem
315 2607 394 2671 picea
402 2610 494 2656 tectus
505 2606 624 2673 caligine
632 2606 748 2656 vultum.

136 2674 231 2730 Barba
240 2675 333 2745 gravis
342 2675 443 2729 nimbis
448 2691 457 2743 ς
472 2677 548 2730 cauis
558 2674 705 2732 lluitunda
715 2671 837 2741 capillis:
