1926 3016
83 188 90 200 1
160 178 194 229 ro
298 166 777 233 1¹.0'v1n111tls0u1s
826 175 835 189 ⁴
889 178 917 222 '-

97 281 148 337 565
161 279 319 346 corripiunt
331 281 434 335 dictisr'
440 282 598 350 frustraque
608 282 732 335 inhibere
744 281 887 335 laborant.

159 353 255 402 Acrior
267 352 411 403 admonitu
422 360 478 417 est,
489 355 672 420 irritaturque
684 359 795 404 retenta
960 348 961 412 J

160 421 200 471 Et
208 420 308 471 crescit
318 423 422 473 rabies:
433 427 674 490 remoraminaque
685 423 748 488 ipsa
762 422 901 474 nocebant

159 490 205 540 Sic
215 495 447 556 ego'terrentem,
459 508 512 559 qua
524 495 564 544 nil
577 494 707 544 obstabat
717 493 803 553 eunti,

108 569 114 579 ⁸
158 559 275 622 laenius,
286 567 314 611 et
325 561 437 612 modico
447 566 566 629 strepitu
578 563 723 613 decurrere
733 561 801 611 vidi.
876 587 879 592 -

98 632 148 694 570
157 629 200 690 nt,
212 642 372 694 quacunque
382 633 480 683 trabes>
489 634 686 694 obstructaque
697 645 766 680 sara
776 629 915 687 tenebant,

154 693 304 761 Spumeus,
315 702 344 746 et
354 694 477 757 fervens,
489 701 518 745 et
527 695 561 746 ab
573 695 662 745 obiice
672 696 783 745 saevior
792 695 860 745 ibat.

153 763 238 816 Eccel
254 765 392 815 cruentati
402 764 534 814 redeunt:
550 768 592 827 et,
602 761 729 814 Bacchus
739 763 787 814 ubi
797 769 880 827 esset,

154 834 307 898 Quaerenti
317 832 442 895 domino,
454 831 593 885 Bacchum
605 833 706 884 vidisse
717 838 863 900 negarunt.

154 903 251 966 Hunc,
267 901 375 966 dixere,
389 909 484 955 tamen
499 904 643 965 comitem,
658 901 849 970 famulumque

571 987 715 1024 sacrorum

96 1045 145 1114 575
156 1043 300 1110 Cepimus:
317 1045 346 1093 et
356 1041 472 1093 tradunt
480 1042 608 1094 manibus
618 1048 682 1109 post
691 1047 772 1109 terga
782 1039 886 1109 ligatis,

156 1111 242 1164 Sacra
251 1111 305 1163 Dei
316 1111 614 1180 qupndam'l'yrrhena
624 1117 707 1180 gente
717 1116 850 1162 secutum.

191 1179 918 1249 AdspicitliuncoculisPentlreus,quosiratremendos
959 1181 961 1238 f

132 1282 146 1293 ν
156 1252 287 1305 Fecerat:
300 1256 336 1315 et,
348 1248 918 1320 quamquampoenaevixtemporadiffert,
959 1300 961 1319 ἦ

158 1320 196 1374 0!
212 1322 351 1388 periture,
361 1328 464 1388 tuaque
475 1322 537 1372 aliis
548 1320 715 1372 documenta
725 1321 825 1371 dature

97 1396 148 1448 580
157 1391 260 1452 Morte,
272 1392 320 1452 ait,
331 1390 382 1441 ede
392 1396 472 1440 tuum
483 1405 592 1451 nomen,
604 1405 759 1456 nomenque
765 1395 919 1455 parentum,

157 1461 195 1512 Et
205 1460 339 1524 patriam3
354 1460 495 1524 morisque
505 1459 569 1506 novi
580 1472 630 1508 cur
640 1473 720 1507 sacra
732 1457 900 1524 frequentes.

157 1528 211 1582 llle
222 1531 296 1579 metu
306 1521 424 1589 vacuus,
434 1527 542 1578 Nomen
552 1523 631 1588 mihi,
642 1526 727 1589 dixit,
738 1529 871 1592 Acoetes3
900 1560 902 1571 ι

158 1597 255 1650 Patria
277 1597 409 1647 Maeonia
419 1601 473 1647 est:
489 1593 587 1645 humili
599 1595 633 1647 de
642 1595 724 1662 plebe
734 1602 874 1662 parentes·

149 1666 219 1720 ,Non
232 1664 313 1728 mihi,
323 1679 395 1733 quae
406 1663 469 1716 duri
480 1665 616 1729 colerent,
628 1671 717 1732 pater,
729 1680 795 1716 arva
805 1665 921 1728 iuvenci,

99 1737 148 1792 585
157 1736 345 1802 Lanigerosve
355 1749 467 1802 greges,
479 1749 535 1784 non
546 1734 605 1785 ulla
612 1740 742 1786 armenta
752 1735 874 1802 reliquit.

156 1807 269 1872 Pauper
279 1803 376 1871 etipse
387 1803 452 1854 suit:
468 1804 581 1871 linoque
591 1804 701 1855 solebat
712 1809 740 1855 et
749 1803 832 1856 hamo

157 1875 307 1941 Decipere,
318 1879 348 1926 et
360 1873 467 1924 calamo
478 1873 610 1925 salientes
621 1874 721 1926 ducere
732 1876 830 1941 pisces.

158 1945 211 2000 Ars
221 1944 266 1995 illi
275 1959 326 1994 sua
336 1959 434 1997 census
446 1949 515 1995 erat.
536 1944 604 1993 Cum
615 1944 742 1996 traderet
751 1947 853 2006 artem3

158 2015 270 2082 Accipe,
280 2029 350 2082 quas
360 2012 462 2077 habeo,
474 2012 558 2064 studii
569 2028 714 2064 successor
725 2018 753 2064 et
763 2012 853 2075 heres,

100 2088 150 2159 590
158 2084 251 2148 Dixit,
262 2098 342 2151 opes:
357 2084 535 2150 moriensque
546 2081 613 2135 milri
626 2082 695 2133 nihil
703 2079 884 2150 ille'reliquit,

159 2151 276 2208 Praeter
290 2169 390 2223 aquas5
410 2168 498 2205 unum
513 2151 566 2204 hoo
580 2167 692 2220 possum
708 2151 851 2219 appellare

130 2220 141 2232 ‘
578 2228 734 2289 paternum.

160 2281 230 2346 Mox
241 2308 308 2362 ego,
317 2309 352 2346 ne
362 2291 485 2359 scopulis
494 2290 637 2343 haererem
649 2305 759 2357 semper
769 2291 797 2341 in
808 2289 906 2353 isdem,

161 2363 287 2415 Addidici
298 2364 436 2430 regimen,
447 2360 546 2412 dextra
556 2361 732 2423 moderante,
743 2361 853 2411 carinae

162 2429 303 2485 Flectere:
320 2436 350 2483 et
360 2431 475 2483 Oleniae
486 2431 562 2481 sidus
573 2430 694 2498 pluviale
706 2429 837 2496 capellae,

86 2544 90 2550 r
103 2499 154 2566 595
163 2498 374 2570 Taygetenque,
383 2500 556 2567 Hyadesque
568 2496 924 2565 oculisAretonquenotavi,

160 2570 372 2638 Ventorumque
383 2569 494 2634 domos,
503 2575 533 2622 et
544 2575 641 2637 portus
651 2569 787 2636 puppibus
797 2572 877 2635 aptos

145 2637 240 2692 Forte
245 2644 350 2708 petens
360 2640 473 2707 Delon,
481 2640 557 2694 Diae
565 2639 677 2692 telluris
685 2638 724 2688 ad
731 2651 796 2715 eras

133 2706 295 2778 Applicor,
309 2718 340 2768 et
351 2713 471 2770 dextris
482 2709 833 2768 adducoruttorarems·.
