1926 3016
155 144 210 200 3oe
341 139 372 194 P.
391 138 532 194 ovum
552 136 741 194 Nasonis
799 169 803 177 ·

156 251 285 317 Totaque
292 244 402 299 relatos
413 242 526 296 flaventi
536 256 656 312 corpora
662 243 734 298 viiio

156 319 236 371 Misit
245 319 274 367 in
285 312 336 367 has
346 315 435 368 sedes.
455 312 578 366 Necnon
590 315 668 382 prius
678 313 885 369 abstulitusmn

154 387 315 443 Verborum
337 390 367 439 et
376 388 460 437 natae
470 383 533 436 dira
541 384 571 434 in
579 385 704 451 periuria
712 382 837 454 linguas.

97 476 144 514 roo
154 456 241 511 Posse
252 457 332 525 queri
341 458 450 507 tanturn
460 466 546 505 rauco
556 453 679 506 stridore
688 454 833 524 relinquit

190 527 252 579 Has
262 526 310 578 ubi
320 521 735 592 praeteriit,etParthenopeia
744 524 847 578 dextra

155 596 271 649 Moenia
280 595 417 659 deseruit,
427 592 508 662 laesa
518 593 553 646 de
562 597 643 660 parta
653 595 752 647 canori

156 665 291 720 Aeolidae
299 664 452 727 tumulum,
463 668 493 716 ct
501 662 564 715 loca
574 662 634 714 feta
643 661 819 731 palustribus
828 663 897 715 uisis

154 734 704 802 LittoraCumarum‚riracisqueantrs
712 731 841 801 Sibyllae

100 806 145 860 105
154 806 256 857 Intrat:
274 809 315 867 ct,
325 808 358 855 ut
367 818 463 856 manes
474 803 559 856 adeat
566 817 617 870 per
626 804 737 856 Aversa
745 807 886 871 mnas,

156 876 236 927 Orat.
256 877 294 927 nt
302 873 355 925 iila
364 873 413 925 diu
422 872 517 925 vultus
526 874 632 926 tellure
642 877 769 925 moratos

155 944 265 997 Erexit:
280 943 450 1009 tandemque
460 942 522 993 Deo
533 940 685 993 furibunda
694 945 820 1011 recepto,

154 1013 261 1079 Magna
270 1013 355 1079 petis,
366 1011 450 1074 dixit,
460 1012 503 1062 rir
513 1008 596 1063 factis
606 1011 740 1075 maxime,
750 1012 831 1064 cuius

154 1081 282 1135 Dextera
290 1095 340 1148 per
351 1079 469 1145 ferrum,
478 1080 570 1150 pietas
580 1086 707 1149 spectata
716 1096 769 1149 per
778 1082 865 1150 ignes

96 1167 144 1205 no
154 1150 230 1205 Pone
240 1156 347 1215 maren,
357 1150 492 1216 Troiane,
503 1155 622 1206 nctnmz
637 1151 748 1218 potiere
759 1152 863 1220 petitis,

154 1220 322 1290 Elysiasque
332 1221 442 1286 domos,
453 1226 483 1275 et
490 1235 578 1290 regna
586 1221 737 1274 norimima
745 1222 844 1274 mundi

155 1290 203 1344 Me
215 1291 299 1355 duce,
309 1305 475 1360 cognosces,
484 1291 691 1360 simulacraque
699 1304 770 1344 cara
780 1292 909 1360 parantis.

154 1361 235 1413 invia
243 1361 341 1414 virtuti
352 1361 431 1414 nuile
440 1362 547 1415 catria.
566 1360 659 1414 orric
674 1366 786 1415 staura
856 1372 859 1379 '

155 1429 323 1499 Fulgentem
333 1446 443 1484 ramum
452 1431 523 1483 silva
531 1429 647 1484 Iunonis
655 1432 785 1485 Avernae

98 1501 146 1555 115
157 1499 338 1552 Monstravit:
354 1501 423 1551 inssi
455 1515 491 1553 aa
501 1499 697 1555 snodivssstrs
706 1505 820 1554 trunco.

155 1569 254 1622 Paruit
261 1570 383 1621 Aeneas:
400 1573 430 1621 et
451 1570 623 1622 ormidabilis
633 1570 702 1622 Orci

155 1638 235 1693 Vidit
245 1653 326 1705 opes,
336 1643 488 1707 atavosque
498 1653 577 1702 suos,
588 1640 771 1710 umbramque
782 1640 895 1693 senilem

157 1706 486 1776 Magnanimidncirisae:
497 1708 596 1761 didicit
605 1710 917 1778 quoqueiurancorum,

157 1779 291 1898 Quaeque
300 1779 380 1829 noris
390 1783 485 1831 essent
495 1778 624 1832 adeunda
634 1780 762 1846 pericula
771 1780 862 1835 hellis.

98 1865 147 1901 120
157 1847 224 1900 lnde
248 1838 330 1901 ereirs
339 1847 429 1900 lassos
439 1863 537 1901 averso
547 1850 660 1902 tramite
670 1864 781 1916 passus,

159 1918 228 1968 Cum
239 1917 309 1970 duce
320 1919 442 1971 Cumaea
451 1917 526 1971 fallit
535 1934 664 1971 sermone
674 1919 809 1972 lahorem.

156 1986 287 2056 Dumque
302 1989 358 2042 iter
373 1985 545 2048 horrendum
559 2005 609 2056 per
625 2004 714 2057 opaca
729 1991 895 2058 crepuscula

577 2074 625 2111 car
644 2061 675 2124 it,

158 2125 214 2178 Seu
224 2126 286 2180 Dea
296 2132 328 2179 ta
339 2142 485 2195 praesens,
494 2144 545 2181 seu
555 2128 607 2180 Dis
616 2075 779 2196 gpratissima
785 2166 794 2194 ,
805 2130 887 2182 dixit:

157 2196 286 2248 Numinis
297 2199 386 2249 instar
396 2200 452 2251 eris
462 2213 571 2266 semper
580 2198 660 2250 mihi:
676 2215 776 2268 meque
787 2200 898 2256 fatebor

100 2264 147 2316 125
158 2265 285 2320 Muneris
296 2282 356 2320 esse
366 2269 422 2331 tui,
433 2284 502 2336 quae
514 2285 557 2321 me
568 2268 631 2322 loos
641 2271 740 2321 mortis
750 2270 842 2335 adire,

157 2336 310 2398 Quaeloca
320 2338 822 2393 merisaevoluistievaderemortis.

157 2404 213 2456 Pro
224 2407 324 2473 quibus
334 2409 424 2460 adrias
435 2410 542 2461 meritis
552 2414 664 2462 evectus
675 2409 711 2461 ad
721 2425 808 2464 auras

158 2475 277 2542 Templa
286 2476 337 2527 tibi
348 2482 483 2542 statuam,
492 2478 615 2530 tribuam
626 2481 678 2531 tibi
688 2482 762 2532 turis
771 2479 912 2533 honorem.

157 2544 282 2611 Respicit
292 2543 366 2598 hunc
376 2554 467 2612 vates,
478 2554 508 2600 et
516 2551 702 2616 suspiratibus
712 2549 829 2615 haustis,

99 2614 147 2667 rso
155 2611 213 2665 Neo
223 2614 285 2666 Dea
295 2631 370 2679 sum,
382 2618 464 2682 dixit,
474 2633 527 2670 nec
536 2621 610 2670 sacri
621 2621 693 2671 turis
704 2617 812 2674 honore

156 2684 316 2738 Humanum
329 2684 444 2756 dignare
456 2694 548 2756 caput.
570 2689 632 2743 Neu
643 2692 754 2745 nescius
763 2705 857 2757 erres3
