1926 3016
155 130 208 186 212
339 127 369 180 P.
389 126 531 181 OVlDll
548 124 732 180 NASONIS

156 235 229 297 Quin
239 232 363 285 animum
373 232 504 295 firmas‚t
540 229 895 301 ueiqserecolligis,lqhis
962 247 963 252 ¹

98 302 145 372 745
157 301 326 371 Consiliique
336 303 433 367 inopes
444 306 473 353 et
482 305 528 352 stu
540 305 586 352 tos
596 300 703 352 excutis
713 298 814 367 ignesi

156 371 230 434 Quia
240 372 278 422 sis
289 376 355 423 nata
364 371 438 422 vide:
454 371 507 421 uisi
517 374 545 421 te
555 384 664 437 quoque
676 369 782 435 decipis
790 369 892 436 ipsam

155 441 193 492 Et
203 444 266 509 pete
276 441 350 508 quod
361 438 403 491 fes
412 444 466 491 est:
481 442 511 492 et
520 454 595 501 ama,
604 437 679 507 quod
690 436 798 491 femina
808 438 897 492 debes

156 508 227 577 Spes
237 512 289 572 est,
300 524 371 577 quae
379 510 482 576 capiat:
493 524 556 576 spos
562 512 605 560 eat
611 523 682 576 quae
687 513 914 574 possessiomes

156 581 237 631 Hauc
247 578 298 631 tibi
308 593 354 631 res
364 579 475 630 adimit:
491 593 547 630 noo
558 583 587 629 te
598 577 727 629 custodia
736 591 805 631 caro

100 646 149 711 750
159 650 242 700 Arcet
250 647 285 699 ab
295 647 439 714 amplexu,
449 663 501 700 nec
511 648 586 699 cauti
597 661 664 698 cura
674 647 778 699 mariti.

157 716 222 770 Nou
232 717 320 783 patris
332 719 480 783 asperitas,
490 733 547 767 uon
555 730 586 767 se
597 720 682 782 negat
692 717 753 783 ione
761 717 882 783 roganti.

157 785 216 838 Nec
225 790 319 837 umen
329 791 372 837 est
383 785 519 852 potiunda
528 784 590 835 tibi:
606 798 672 847 nec,
681 786 714 835 ut
724 785 902 843 omniatiaat.

157 854 225 905 Esse
237 857 314 919 potes
325 852 406 918 felin
421 858 455 905 ut
463 855 556 922 Dique
566 851 749 920 hominesque
758 844 892 907 laborent

157 923 239 975 Nunc
253 937 364 990 quoque
374 928 500 975 votorum
510 937 575 991 pars
585 937 641 974 una
651 927 694 975 est
703 936 778 975 vana
786 936 907 979 mecm

99 989 147 1058 755
156 992 248 1059 Dique
259 989 326 1043 mihi
338 991 448 1055 faciles,
459 993 594 1060 quidquid
604 991 730 1056 valuere,
742 991 887 1047 dederuut.

158 1061 295 1130 Quodque
304 1075 370 1129 ego,
380 1061 442 1113 vult
450 1060 646 1182 genitoqsvult
655 1061 730 1128 ipse,
740 1074 875 1132 socerque

588 1135 698 1183 uouusz

96 1213 99 1217 ·
156 1202 194 1252 At
203 1212 259 1250 non
269 1197 330 1251 vult
339 1203 454 1263 natura,
464 1201 607 1266 potentior
618 1199 747 1252 omnibus
755 1200 833 1265 istim

158 1268 237 1331 Quae
248 1267 315 1320 mihi
322 1269 479 1322 solanocot
490 1271 576 1324 Venit
581 1268 658 1322 cccci
670 1269 796 1338 optabile
801 1276 916 1338 temqusx

157 1337 275 1405 Luxque
285 1339 386 1406 iugalis
397 1339 487 1391 adeste
505 1345 536 1390 ut
545 1340 600 1391 iem
610 1353 673 1391 mea
682 1337 860 1404 tiatls'iuthe3

99 1407 149 1475 760
158 1405 217 1458 Nec
227 1406 295 1457 mihi
306 1408 461 1476 continget:
476 1409 713 1463 mediissitiemus
723 1410 753 1460 in
763 1408 855 1460 undis.

158 1474 919 1544 Pronubaquiorun0,quidadhaec,1{ymenaee,vsuitis

159 1542 260 1606 Sacra;
272 1545 372 1611 quibus
380 1545 428 1612 qui
439 1545 613 1610 «innatabant,
620 1542 920 1599 ubinubinueambaei

157 1611 265 1664 Pressit
275 1612 309 1663 ab
319 1612 361 1664 his
372 1629 475 1665 vocem.
494 1615 553 1669 Nec
563 1616 653 1669 lenius
663 1616 757 1669 altera
766 1618 848 1686 virgo

158 1682 288 1732 Aestuat:
306 1687 392 1750 utque
403 1683 478 1753 celer
487 1687 591 1749 venias,
600 1687 775 1754 Hymenaeo,
786 1689 918 1753 precatur·
950 1746 954 1751 ,

103 1750 147 1817 765
158 1750 240 1814 Quod
250 1752 323 1817 petit
332 1750 416 1817 haec,
427 1753 582 1808 Telethusa
591 1757 707 1876 timensff
716 1755 804 1808 modo
813 1760 882 1809 tem·

221 1826 224 1830 ’
575 1826 681 1892 poradi
705 1829 761 1877 ert:

157 1887 239 1942 Nunc
247 1889 313 1942 ficto
323 1890 460 1960 languore
471 1908 578 1946 moram
588 1894 683 1946 trehit.
703 1894 806 1948 Omina
818 1908 906 1961 saepe,

158 1958 282 2027 Visoque
293 1968 447 2013 caussatur.
469 1962 525 2016 Sed
535 1965 591 2016 iem
601 1971 797 2016 consumserat
808 1977 913 2017 omnem

157 2029 307 2082 Materiam
320 2033 390 2084 ficti:
405 2033 548 2101 dilataque
560 2039 688 2100 tempora
697 2034 801 2086 taedae

157 2098 335 2165 lnstiterarit3
351 2116 478 2169 unusque
489 2103 548 2155 diss
558 2105 694 2156 restabat:
711 2108 742 2155 at
751 2103 806 2157 illa

98 2182 149 2233 770
160 2168 298 2221 crinalem
308 2173 393 2238 capiti
402 2174 499 2225 vittam
510 2177 649 2241 nataeque
659 2174 767 2241 sibique

158 2235 301 2289 Detrahit:
317 2247 346 2292 et
356 2243 443 2308 passis
453 2256 530 2293 aram
542 2243 687 2309 complexa
698 2241 820 2308 capillis

158 2304 209 2367 lsi,
220 2306 431 2374 Paraetonium,
446 2312 658 2380 Mareoticaque
668 2326 750 2374 arva,
759 2311 921 2379 Pharonque

159 2373 237 2436 Quae
248 2376 330 2441 colis,
341 2384 370 2431 et
380 2384 486 2446 septem
496 2381 634 2449 digestum
645 2382 673 2432 in
683 2395 792 2434 cornua
801 2381 908 2442 Nilum3

157 2443 920 2519 Fermrecoainquicopemsnocuoquemederetimori.
962 2491 963 2494 ,

100 2510 149 2580 775
160 2512 202 2563 Te
213 2513 287 2576 Dea,
298 2520 326 2569 te
337 2520 489 2586 quondam,
499 2525 604 2588 tuaque
615 2519 685 2573 haec
695 2521 819 2589 insigma
828 2519 896 2575 vidi:

159 2581 321 2651 cunctaque
332 2591 462 2658 cognori3
478 2592 663 2659 comitesque,
678 2589 827 2660 facesque,
841 2605 885 2645 so·

573 2674 696 2730 numque
