1926 3016
169 139 221 193 zoa
353 133 384 197 r.
402 132 542 188 ovibu
563 130 749 187 nasonis
817 98 823 107 ’

169 241 368 310 Depressitque
378 236 606 301 duos,Brotean,
618 237 752 290 ctorion.
773 239 842 292 orio

169 312 261 363 Mater
272 315 334 361 erat
343 307 466 375 Mycale:
482 322 564 375 quem
575 307 723 360 deduxisse
734 310 861 362 canendo

26 437 34 451 p
169 381 258 447 Saepe
269 378 432 430 reluctantis
442 377 588 428 constabat
598 390 702 427 cornua
710 377 820 431 Lunw.

110 457 159 507 255
170 450 231 504 Non
243 450 354 513 impunc
365 445 452 509 seres,
463 445 513 497 teli
522 444 605 496 modo
616 446 801 512 copiadetur,

170 520 287 571 Dixerat
296 516 431 568 Exadiusr
448 515 553 582 telique
564 512 648 567 habet
656 516 760 580 instar,
770 517 800 568 iu
810 516 869 569 alte
948 578 953 585 .

170 591 248 653 Quae
259 586 370 639 fueraut
380 585 555 652 pinu,votivi
565 598 670 636 cornua
680 587 764 638 cerri.
948 618 953 655 :

169 654 280 726 Figitur
289 654 352 706 huic
362 654 465 721 duplici
476 653 605 721 Gryneus
615 655 645 705 in
655 653 763 707 lumina
772 669 864 708 ramos
949 662 953 697 ἰ

170 728 337 793 liruiturque
348 724 456 776 oculosr
472 737 588 792 quorum
598 738 663 789 pare
673 725 806 776 cornibus
816 724 913 787 haeret,
951 748 953 753 ·

110 816 160 865 ²70
170 796 239 848 Pars
248 793 311 844 fluit
320 795 347 844 in
358 793 616 855 barbam,concreta
635 794 913 862 uesanguinependet

168 867 240 917 Ecce
252 863 326 928 rapit
335 862 433 914 mediis
444 860 610 928 flagrantem
645 859 790 915 hoetuseb
800 865 858 915 aris
950 864 953 929 ξ

135 928 144 937 ”
169 933 323 984 Prunitium
334 936 449 994 torrem,
460 931 613 998 dextraque
624 936 731 998 aparte
742 930 863 985 charexi

169 1004 307 1067 Tempora
315 999 463 1067 perfringit
472 999 549 1050 salvo
559 1006 728 1067 protectam
747 1001 809 1054 illo'.

170 1071 296 1136 Correpti
308 1069 419 1136 rapida,
428 1069 515 1121 veluti
526 1083 606 1138 seges
616 1069 708 1134 eride,
741 1085 835 1123 amma

109 1148 159 1215 275
169 1142 304 1193 Arserunt
313 1141 415 1190 crines·
431 1143 460 1188 et
469 1139 585 1191 vulnere
595 1140 708 1207 sanguis
717 1140 830 1192 inustus

169 1209 335 1262 Terribilem
346 1207 466 1259 stridore
477 1222 575 1259 sonum
585 1208 676 1272 dedit3
691 1213 723 1260 ut
733 1209 803 1262 dare
812 1209 911 1263 ferrum

167 1281 235 1348 lgne
246 1279 348 1330 rubens
358 1277 521 1345 plerumque
532 1277 617 1341 solet,
626 1278 699 1345 quod
710 1277 818 1346 forcipe
828 1293 907 1333 curva

169 1350 236 1401 Cum
249 1347 327 1400 faber
338 1347 447 1411 eduxit,
456 1347 571 1398 lacubus
581 1347 716 1398 demittit:
734 1354 765 1400 et
774 1348 846 1401 illud

169 1416 287 1480 Stridet,
297 1421 325 1468 ot
334 1417 363 1467 in
373 1416 485 1483 trepida
494 1418 667 1468 submersum
678 1418 775 1470 sibilat
783 1419 868 1471 unda.

107 1497 158 1547 280
167 1485 283 1538 Saucius
293 1485 406 1535 hirsutis
417 1485 527 1537 aridum
539 1486 573 1537 de
584 1487 705 1538 crinibus
714 1488 810 1556 ignem

166 1555 292 1607 Excutit:
307 1554 390 1621 inque
405 1553 535 1606 humeros
545 1555 630 1607 limen
640 1555 745 1609 tellure
754 1558 894 1610 reuulsam

167 1624 263 1686 Tollit,
275 1638 345 1674 onus
354 1623 487 1689 plaustri:
500 1625 574 1692 quod
585 1641 619 1676 ne
629 1626 923 1692 permittatinhostem,

167 1694 229 1759 lpsa
241 1692 308 1743 facit
318 1695 448 1760 gravitas.
470 1693 579 1746 Socium
591 1709 702 1762 quoque
712 1710 799 1761 saxea
809 1697 895 1748 moles

167 1763 311 1829 Oppressit
321 1765 412 1829 spatio
422 1769 543 1816 stantem
553 1766 697 1830 propriore
709 1765 854 1818 Cometen.

108 1834 156 1888 285
167 1831 275 1882 Gaudia
286 1848 340 1903 nec,
347 1834 451 1885 retinet
458 1832 590 1886 Rhoetus.
602 1833 826 1901 Siccomprecor,
832 1835 923 1904 inquit,

168 1903 286 1954 Caetera
296 1905 333 1952 sit
344 1901 423 1952 fortis
434 1909 588 1954 castrorum
599 1904 683 1954 turba
692 1908 824 1969 tuorum;

78 1996 81 2000 ·
168 1970 390 2038 Semicremoque
400 1976 484 2022 novat
493 1975 643 2039 repetitum
654 1974 749 2039 stipite
759 1975 875 2026 uulnust

169 2043 280 2108 Terque
291 2048 442 2108 quaterque
452 2043 529 2107 gravi
538 2044 682 2094 iuncturas
691 2044 806 2095 verticis
816 2047 875 2096 ictu

168 2111 267 2176 Rupit:
282 2113 311 2160 et
321 2110 349 2158 in
359 2109 463 2175 liquido
474 2110 607 2161 sederunt
617 2125 681 2162 osse
690 2113 816 2164 cerebro.

109 2197 158 2246 apo
168 2179 266 2233 Victor
277 2178 311 2229 ad
321 2177 475 2246 Euagrum,
487 2178 711 2248 Corythumque,
721 2181 906 2250 Dryantaque

580 2251 690 2301 transit.

167 2318 191 2368 Ε
202 2316 301 2384 quibus
311 2322 343 2367 ut
352 2319 440 2383 prima
450 2322 540 2369 tectus
549 2318 681 2387 lanugine
692 2320 782 2373 malas

168 2384 320 2438 Procubuit
330 2385 485 2454 Corythum
500 2387 591 2439 Puero
603 2404 674 2456 quae
685 2390 780 2457 gloria
790 2391 856 2444 fuso

169 2453 253 2505 Parta
262 2456 312 2507 tihi
323 2455 384 2508 esti
397 2458 524 2524 Euagros
536 2459 584 2508 eit.
603 2458 661 2510 Nec
672 2459 765 2512 dicere
774 2461 900 2514 Rhoetus

168 2521 253 2573 Plura
264 2526 340 2575 sinit:
357 2527 510 2594 rutilasque
522 2526 604 2579 ferox
612 2528 642 2578 in
653 2533 752 2594 aperta
761 2530 904 2598 loquentis

108 2595 158 2663 ²95
171 2591 299 2649 Condidit
309 2609 359 2649 ora
367 2596 432 2658 viri,
444 2610 548 2662 perque
559 2612 591 2647 os
601 2599 629 2647 in
639 2604 766 2663 pectora,
777 2599 912 2652 flamnras

169 2662 210 2713 Te
222 2677 343 2730 quoque,
354 2679 434 2717 sacre
445 2665 537 2734 Drya,
548 2667 652 2719 circum
662 2672 745 2735 caput
754 2671 821 2740 igne
832 2676 922 2724 rotato
