1926 3016
137 143 191 201 2³8
320 138 352 195 Ρ.
369 66 513 193 0οῊΒ11
530 134 720 193 NASONIS

136 245 272 314 Quodque
282 241 584 310 solemniacensium
593 240 731 295 domm
740 256 870 314 sunam

135 316 227 370 Fecitz
242 319 272 367 et
281 313 372 367 eluvie
383 327 462 364 mons
473 317 516 363 est
525 311 663 364 deducam
672 313 703 365 in
713 328 835 383 sequor.

134 388 214 454 Eque
222 383 359 451 paludosa
367 383 449 434 siccis
458 378 560 432 burnus
571 386 633 433 aret
641 383 753 434 miris:

135 456 270 522 Quasque
284 454 360 503 sitisn
373 451 512 569 tulerantl,
525 455 657 517 stagnata
670 451 824 518 paludib

500 524 615 570 sumunt.

77 592 189 662 2701110
199 589 291 642 sontes
301 587 410 642 Natura
419 602 506 639 aoros
515 589 623 651 orabit,
632 593 664 641 at
673 589 735 641 illic

137 660 256 722 clausit,
265 663 295 711 ct
304 658 412 725 antiqui
423 663 481 708 tem
490 657 580 708 mults
588 659 763 710 tremoribus
773 660 850 713 orbis

134 729 265 783 Flumina
275 727 437 794 prosiliunt,
448 732 498 784 sut
508 731 660 778 excaecata
669 727 809 782 residunt.

135 797 238 853 Sicubi
248 803 361 848 terreno
370 795 465 861 Lycus
474 800 518 848 est
527 800 627 861 epotus
636 793 729 860 biatu,

134 867 253 920 Exsistit
263 865 363 931 procul
373 863 453 927 hinc,
461 864 573 931 alioque
583 867 746 917 renascitur
757 881 815 919 ore.

76 938 125 1005 ²7⁵
136 935 182 988 Sic
192 935 276 985 modo
286 934 468 996 combibitur,
478 939 553 986 tecto
565 934 646 985 modo
656 937 773 1003 gurgite
783 936 870 1006 lenm

134 1003 272 1057 Redditur
280 1002 418 1070 Argolicis
428 1003 526 1070 ingens
536 1003 668 1053 Erasinus
677 1005 707 1053 in
719 1007 805 1057 srvis.

135 1074 173 1125 Et
181 1074 294 1138 Mysum
306 1073 459 1138 capitisque
468 1072 524 1133 sui,
535 1073 666 1138 ripaeque
677 1074 783 1139 prioris

136 1138 309 1194 poenituisse
321 1139 426 1202 lerunt,
437 1139 494 1191 alia
504 1155 577 1192 nunc
586 1141 641 1203 ire,
653 1141 779 1194 Caicum.

135 1210 260 1264 Necnon
271 1207 396 1261 Sicanias
406 1208 520 1260 voluens
529 1210 687 1261 Amenanus
697 1226 800 1264 aream

76 1284 126 1337 ²80
135 1279 161 1333 N
163 1295 216 1332 unc
225 1278 300 1341 lluit,
310 1279 450 1332 interdum
460 1280 615 1345 suppressis
625 1278 751 1332 lontibus
762 1287 833 1334 aret.

134 1351 206 1402 Ante
215 1349 376 1411 bibebatur,
387 1364 471 1410 nunc,
483 1363 552 1416 quas
562 1351 727 1417 contingere
739 1351 827 1415 nolis„

134 1418 629 1485 FunditAnigrosaquas:postquam,
635 1420 688 1469 nisi
695 1419 870 1472 vatibusonn

133 1487 285 1553 Eripienda
294 1486 376 1547 tides,
387 1487 445 1538 illie
455 1486 550 1538 lavere
558 1487 733 1540 Bimembrcs

134 1556 275 1617 Vulnera,
286 1555 418 1621 olorigeri
429 1570 501 1622 quae
514 1556 620 1608 fecerat
629 1557 762 1609 llerculis
773 1572 863 1609 arcas.

74 1625 124 1678 285
134 1622 225 1688 Quint
236 1640 291 1675 non
301 1630 330 1676 et
336 1622 472 1689 Scythicis
480 1626 608 1692 llypanis
620 1625 654 1677 de
665 1628 807 1678 montibus
813 1633 870 1679 ortu

136 1696 190 1758 Qui
201 1694 293 1745 fuerat
302 1693 405 1756 dulcis,
416 1694 521 1746 salibus
531 1697 647 1746 vitiatur
656 1695 776 1747 arnurisl

133 1764 278 1816 Fluctibus
289 1763 410 1814 ambitae
421 1761 533 1813 fuerant
543 1765 668 1826 Antissa,
678 1765 850 1833 Pharosque,

132 1831 325 1886 Etl’hoenissa
331 1834 435 1899 Tyros:
446 1847 561 1899 quarum
573 1834 749 1886 nuncinsula
758 1836 837 1887 nulla
845 1850 870 1887 ss

132 1903 264 1955 Leucada
274 1904 433 1954 continuam
445 1908 551 1953 veteres
562 1900 685 1954 habuere
697 1904 806 1955 coloni:

72 1992 122 2049 ²9⁰
132 1972 213 2025 Nunc
223 1972 297 2024 freta
306 1974 456 2023 circuiunt
472 1972 574 2023 Zancle
585 1987 694 2040 quoque
704 1975 801 2025 iuncta
812 1973 870 2025 fuist

132 2043 243 2094 Dicitur
252 2042 363 2093 ltaliae:
379 2042 467 2092 donec
478 2043 598 2092 confinia
609 2049 712 2107 pontus

132 2111 265 2173 Abstulit,
276 2116 306 2162 ct
316 2112 407 2162 media
416 2111 547 2162 tellurem
559 2111 661 2175 repulit
672 2112 757 2163 unda.

133 2179 163 2232 Si
173 2196 290 2249 quaeras
300 2180 418 2232 lleliccn
430 2186 459 2232 et
468 2180 569 2241 Burin,
579 2178 716 2231 Achaidas
727 2182 822 2244 urbes,

132 2251 257 2301 lavenies
268 2250 318 2300 sub
330 2252 420 2318 aquis:
437 2255 465 2301 et
475 2248 567 2300 adhuc
577 2251 724 2301 ostendere
734 2257 839 2301 nautae

72 2319 122 2390 ²95
132 2319 267 2370 Inclinata
277 2318 369 2369 solent
379 2335 439 2370 eum
452 2320 597 2371 moenibus
607 2320 709 2384 oppida
719 2321 826 2371 mersis.

133 2389 184 2439 Est
195 2403 281 2454 prope
292 2387 428 2440 Pittheam
441 2389 565 2439 tumulus
577 2390 737 2452 Troezena,
748 2392 807 2440 siae
818 2387 870 2438 ulli

133 2455 245 2525 Arduus
253 2458 411 2519 arboribus,
422 2459 561 2525 quondam
573 2458 734 2523 planissime
745 2460 833 2523 mmai

88 2556 91 2561 -
133 2527 217 2587 Arca,
229 2542 301 2577 nunc
312 2529 448 2577 tumulus:
466 2544 542 2589 narn,
553 2544 599 2578 res
611 2526 750 2580 horrenda
759 2528 859 2586 relatu,

133 2595 184 2647 Vis
194 2595 255 2647 fera
267 2602 424 2658 ventorum,
436 2599 525 2648 caecis
536 2596 645 2649 inclusa
656 2598 788 2659 cavernis,

74 2664 124 2716 boo
134 2664 284 2732 Exspirara
294 2665 388 2733 aliqua
399 2668 526 2733 cupiens,
536 2667 699 2738 luctataque
710 2667 815 2720 frustra
