1926 3016
159 182 215 237 Md
347 179 380 234 P.
398 177 541 234 ovim!
557 173 738 233 alsonus

159 283 336 350 Fulmineum
350 273 436 338 rubr'a
445 281 568 336 suffusus
577 280 684 333 lumina
693 280 817 342 damma.

159 356 228 419 Qui,
238 370 406 425 quamquam
417 355 506 406 saevit
516 352 622 426 pariter
631 351 766 421 rabieque
778 353 908 424 lauteque.

48 468 54 476 ,
99 425 407 494 57oiloriorestrabie.
428 422 525 492 Neque
536 423 610 474 enim
620 421 724 474 ieiunia
734 429 819 475 curat

159 495 251 547 caede
262 495 360 558 boum,
370 493 514 562 diramque
525 490 627 542 famem
636 492 755 555 satiare,
765 494 817 545 sed
827 508 903 546 onae

158 563 298 618 Vulnerat
308 569 478 626 armentum,
488 562 642 628 sternitque
654 559 798 614 hostiliter
808 578 893 616 ornae.
949 610 952 615 .

160 633 228 686 Pars
239 648 349 703 quoque
360 633 394 684 de
405 634 485 684 nobis
495 631 606 684 funesto
617 631 713 682 saucia
722 645 829 696 morsu,
949 674 952 679 .

160 702 235 754 Dum
247 702 435 765 defensamus,
446 702 504 754 leto
514 706 558 753 est
568 700 643 751 data.
665 697 810 768 Sanguine
821 703 904 763 littus,

98 773 149 839 575
160 771 292 840 Vndaque
303 773 392 839 prima
402 772 519 833 rubent,
530 770 745 837 demugitaeque
755 771 880 838 paludes.

159 839 214 893 Sed
224 856 304 893 mora
313 841 447 893 damnosa
456 847 513 903 est,
523 854 574 892 ncc
583 853 629 891 res
639 839 771 892 dubitare
781 842 903 893 remittit.

158 911 234 963 Dum
245 916 374 977 superest
385 910 503 979 aliquid,
514 909 607 961 cuncti
619 911 762 974 totumue,
773 915 804 962 et
813 925 895 972 arma,
952 908 954 931 ¹

159 980 242 1032 Arma
251 979 653 1046 capessanius,coniunctaque
663 979 722 1031 tela
731 979 865 1032 feramus.

158 1050 278 1102 Dixerat
287 1050 415 1117 agrestis.
435 1048 492 1101 Nec
501 1047 587 1101 Pelea
598 1048 699 1101 damna
709 1051 871 1103 movebant:

99 1117 150 1172 380
160 1117 229 1182 Sed,
240 1133 348 1170 memor
358 1119 485 1182 admissi,
495 1116 616 1170 Nereida
627 1118 736 1187 colligit
745 1121 845 1171 orbam

159 1189 270 1241 Damno
278 1203 329 1244 suo
339 1188 455 1241 inferias
466 1189 603 1241 exstincto
614 1189 726 1240 mittere
737 1187 842 1242 Phoco.

158 1258 278 1310 luduere
287 1260 463 1322 ermaricus,
473 1256 651 1325 violentaque
662 1273 775 1312 sumere
785 1260 843 1311 tela

160 1329 220 1381 Rex
229 1327 307 1383 iubet
317 1329 453 1381 Oetaeus:
469 1343 531 1380 oum
542 1331 604 1395 quis
615 1327 699 1378 simul
709 1329 771 1395 ipse
781 1328 893 1396 parabat

159 1399 218 1449 lre:
234 1399 284 1450 sed
292 1398 442 1466 Halcyone
454 1399 556 1450 coniux
565 1397 654 1449 excita
664 1397 792 1450 tumultu

100 1465 149 1521 385
160 1465 287 1529 Prosilit,
297 1472 338 1530 et,
349 1467 470 1517 nondum
481 1472 557 1517 totos
568 1475 668 1517 ornate
678 1467 805 1533 capillos,

158 1535 271 1587 Disiieit
281 1534 331 1586 hos
342 1537 429 1601 ipsos:
445 1535 573 1602 colloque
583 1535 676 1587 inlusa
686 1537 791 1601 ararim,

158 1603 257 1656 Mittat
266 1609 298 1654 ut
309 1604 442 1656 auxilium
453 1606 513 1657 sine
523 1620 565 1668 se,
576 1606 721 1672 verbisque
731 1611 871 1674 precatur,

157 1673 337 1727 Etlacrimis:
353 1675 514 1742 animasque
524 1674 593 1726 duas
604 1680 635 1725 ut
644 1682 738 1727 servet
747 1676 776 1728 in
787 1691 851 1728 una.

157 1742 290 1795 Aeacides
301 1743 356 1807 illi,
367 1742 514 1807 Pulchros,
525 1745 643 1812 Regina,
654 1746 771 1814 piosque

97 1814 148 1882 dqo
156 1812 232 1864 Pone
241 1818 345 1877 metus:
363 1813 445 1880 plena
454 1819 498 1864 est
508 1815 635 1878 promissi
646 1817 737 1881 gratia
747 1817 844 1868 vestri.

156 1882 219 1935 Nou
230 1882 323 1950 placet
333 1897 410 1934 arma
421 1881 487 1933 mihi
499 1889 672 1934 contranova
678 1889 806 1936 monstra
812 1885 910 1936 moveri

157 1952 267 2005 Numen
277 1953 448 2004 adorandum
460 1954 551 2020 pelagi
563 1958 613 2004 est
633 1954 702 2003 Erat
713 1953 804 2005 ardua
813 1955 903 2014 turris,

157 2024 228 2076 Arce
238 2029 336 2090 patens
347 2039 468 2086 summa3
484 2021 565 2074 fessis
577 2023 638 2073 loca
647 2028 728 2089 grata
738 2026 850 2095 carinis.

156 2091 336 2144 Adscendunt
345 2091 428 2154 illuc,
439 2097 598 2161 stratosque
608 2092 636 2142 in
647 2092 744 2145 littore
754 2098 854 2144 tauros

97 2159 146 2229 395
158 2160 226 2213 Cum
237 2163 342 2231 gemitu
353 2161 521 2228 adspiciunt,
536 2167 760 2230 vastatoremque
772 2167 887 2216 cruento

157 2230 213 2282 Ore
224 2230 328 2294 ferum,
340 2231 439 2299 longos
449 2231 581 2283 iniectum
593 2233 728 2299 sanguine
738 2232 831 2284 villos.

155 2299 225 2351 lude
235 2317 332 2352 manus
343 2302 460 2353 tendens
471 2303 499 2352 in
511 2304 599 2368 aperti
611 2301 706 2353 littora
716 2305 805 2369 ponti,

158 2369 322 2421 Caeruleam
333 2370 434 2422 Peleus
445 2369 625 2433 Psamathen,
636 2377 669 2422 ut
679 2372 760 2422 liniat
771 2373 850 2434 iram,

157 2437 242 2500 Orat;
257 2454 392 2508 opemque
403 2441 484 2492 ferat.
504 2440 563 2492 Neo
572 2442 684 2491 vocibus
696 2441 747 2493 illa
756 2443 882 2510 rogantis

98 2510 148 2560 loo
158 2507 439 2562 FlectiturAeeeidae.
446 2509 801 2578 Thetishancproouniuge
808 2511 916 2579 supplet

157 2578 395 2699 &pgpiplpeniam
416 2579 471 2632 Sed
483 2581 555 2633 enim
566 2586 712 2631 revocatus
723 2582 758 2633 ab
769 2583 828 2632 acri

152 2715 255 2774 Donec
263 2662 461 2775 inluetantem
469 2720 579 2774 lacerae
589 2722 695 2774 cervice
704 2722 840 2774 iuvencae

310 2664 343 2699 us
354 2656 474 2716 perstat,
486 2649 634 2702 dulcedine
645 2651 789 2718 sanguinis
800 2665 895 2719 asper3
