1926 3016
205 67 255 122 162
373 62 404 115 P·
423 65 568 121 ovlull
597 61 779 119 NASONIS

186 219 188 228 s
202 170 256 225 Vix
265 171 338 228 bene
345 170 444 221 missus
455 172 528 232 erat3
539 169 845 237 neciampoteramunu

145 238 192 308 775
203 240 291 294 Scire:
308 239 409 307 pedum
421 238 527 290 calidus
535 241 653 306 vestigia
663 239 753 305 pulvis
764 238 845 293 habel

203 312 265 376 lpse
276 309 364 362 oculis
375 314 487 375 ereptus
498 314 566 359 erat.
586 308 650 360 Non
661 309 738 360 ocior
747 308 799 360 illo

202 380 304 441 Hasta,
315 393 367 430 nec
376 391 509 430 excussae
519 382 648 430 contorto
658 377 773 430 verbere
784 376 845 446 glan

203 447 261 500 Nec
272 448 444 515 Gortyniaco
454 445 577 499 calamus
587 447 656 500 levis
667 448 725 500 exit
735 448 769 498 ab
780 463 845 500 arcu

204 517 291 568 Collis
300 531 372 583 apex
382 516 466 568 medii
476 518 744 569 subiectis'imminet
752 518 840 569 arvis:

144 586 193 650 780
204 585 304 638 Tollor
313 600 361 648 οο,
372 588 504 654 capioque
516 583 579 638 nori
590 587 750 653 spectacula
761 601 845 639 cursu

204 657 265 719 Quo
276 654 359 707 modo
370 655 516 722 deprendi,
526 657 609 707 modo
620 672 650 707 se
661 656 845 709 subduccrea

203 724 324 776 Vulnere
336 726 396 775 visa
406 725 466 776 fera
477 731 528 776 est.
547 725 606 776 Nec
615 726 703 776 limite
714 724 844 778 eallidar

203 796 235 846 lu
245 795 400 860 spatiumve
412 794 498 861 fugit3
513 794 562 846 sed
574 795 677 862 decipit
687 809 737 845 ora
747 809 845 864 sequen

203 867 242 915 Et
251 864 325 915 redit
332 865 362 914 in
373 879 488 930 gyrum,
498 880 532 916 ne
543 865 579 914 sit
588 879 656 914 suus
666 866 787 930 impetus
798 863 845 916 hos

144 933 194 998 785
205 933 334 995 Imminet
344 932 397 996 hic,
407 935 585 1000 sequiturque
592 934 845 1003 parem‚similisqu‹

203 1002 266 1054 Non
276 1006 365 1065 tenet,
376 1007 405 1054 et
415 1017 517 1053 vacuos
528 1010 640 1055 exercet
650 1005 678 1054 in
690 1005 756 1053 cera
765 1018 844 1055 mors

204 1073 246 1124 Ad
257 1071 340 1124 iaculi
350 1073 480 1124 vertebar
490 1086 584 1138 opem:
601 1072 672 1140 quod
684 1072 803 1124 dextera
812 1072 845 1126 lil

204 1142 279 1193 Dum
291 1156 365 1205 mea,
377 1141 442 1192 dum
453 1142 554 1209 digitos
565 1143 683 1192 amentis
693 1141 789 1194 indere
798 1147 845 1195 ten

204 1212 325 1262 Lumina
334 1210 449 1274 dellexi3
463 1216 648 1279 reuocatoque
659 1226 756 1262 rursus
767 1212 845 1265 eoder

146 1295 193 1345 790
204 1281 381 1333 Retuleramt
391 1280 497 1343 medio,
508 1279 622 1331 mirum!
639 1281 693 1331 duo
704 1295 845 1333 marmora

204 1351 345 1415 Adspici03
362 1349 459 1416 lugere
471 1348 534 1411 hoc,
544 1348 731 1419 illudlatrare
741 1355 845 1416 putare

204 1418 315 1473 Scilicet
325 1419 442 1469 invictos
452 1419 534 1469 ambo
546 1420 697 1470 certamine
707 1434 806 1472 cursus

202 1489 272 1540 Esse
282 1488 360 1538 Deus
371 1486 473 1550 voluit3
489 1488 584 1556 siquis
596 1488 673 1539 Deus
683 1488 773 1541 adfuit
782 1489 845 1541 illis

203 1558 360 1608 Hactenus:
377 1561 406 1608 et
415 1558 512 1608 tacuit.
532 1558 628 1609 laculo
638 1558 713 1625 quod
724 1559 830 1610 crimen
840 1561 845 1610 i

144 1628 191 1694 795
203 1624 312 1677 Phocus
322 1627 370 1677 ait.
389 1626 477 1677 Iaculi
487 1628 526 1678 sic
537 1629 652 1678 crimina
663 1627 785 1678 reddidit
795 1628 845 1681 ille

204 1695 313 1747 Gaudia
324 1697 490 1762 principium
502 1698 591 1747 nostri
602 1702 679 1759 sunt,
690 1695 796 1761 Phoco,
808 1697 844 1749 do

203 1765 256 1818 llla
266 1767 343 1831 prius
354 1764 483 1817 referam.
504 1768 584 1816 lurat
594 1765 623 1816 o!
640 1767 798 1820 meminisse
809 1767 845 1820 bc

203 1836 366 1901 Temporis,
376 1835 509 1898 Aeacida,
520 1851 575 1902 quo
586 1837 688 1901 primos
699 1837 753 1887 rite
763 1851 815 1902 per
826 1851 845 1887 0

203 1906 326 1973 Coniuge
338 1920 414 1956 eram
425 1904 508 1968 felix;
522 1905 590 1956 felix
600 1910 661 1956 erat
670 1905 720 1954 illa
730 1908 843 1958 marito.

143 1972 192 2025 800
202 1975 302 2026 Mutua
313 1975 473 2038 curaduos,
485 1980 514 2026 et
524 1989 603 2025 amor
611 1975 721 2026 socialis
732 1973 845 2026 habebo

201 2044 259 2096 Nec
268 2046 340 2096 lovis
350 2045 400 2094 illa
410 2058 471 2096 meo
483 2043 620 2095 thalamos
631 2043 787 2109 praeferret
797 2059 845 2096 am

201 2113 273 2177 Nec,
284 2129 328 2165 me
339 2128 410 2183 quae
420 2120 546 2179 caperet,
556 2129 613 2164 000
624 2115 649 2164 si
659 2114 755 2166 Venus
764 2114 826 2179 ipsa
836 2131 845 2163 r

202 2183 269 2236 Vlla
280 2189 351 2235 erat:
368 2183 499 2251 aequales
509 2185 629 2236 urebant
639 2188 751 2249 pectora
762 2181 845 2234 llamn

203 2251 269 2304 Sole
280 2251 340 2305 fere
349 2253 436 2304 radiis
448 2252 566 2305 feriente
577 2255 721 2304 cacumina
730 2253 836 2318 primis,

143 2321 193 2376 805
203 2323 342 2375 Venatum
352 2323 381 2373 in
392 2322 475 2373 silvas
485 2323 645 2374 iuveniliter
655 2324 696 2374 ire
707 2322 845 2375 solebam:

203 2391 262 2443 Nec
271 2406 378 2443 mecum
390 2391 523 2456 famulos,
533 2407 585 2444 nec
596 2406 691 2460 equos,
702 2407 754 2442 nec
765 2391 846 2444 narib

202 2461 249 2513 Ire
259 2475 417 2525 canos„nec
426 2461 484 2512 lina
494 2463 572 2530 sequi
583 2461 690 2512 nodosa
699 2461 831 2513 sinebam.

127 2526 130 2539 '
204 2532 295 2582 Tutus
306 2545 382 2582 eram
392 2531 492 2582 iaculo.
512 2530 568 2583 Sed
578 2546 641 2582 cum
652 2532 755 2582 satiata
766 2529 845 2582 ierim

204 2599 329 2653 Dextera
338 2600 431 2653 caedis
442 2607 517 2666 erat;
528 2600 688 2668 repetebam
700 2599 800 2668 frigus,
810 2605 840 2654 et
