1926 3016
10 39 19 121 i

144 145 563 202 METAMORPHOSEON
579 149 658 204 ma.
677 152 743 208 XV.
774 151 825 209 ³³⁷
893 164 895 167 ’

64 249 215 305 Herculeio
224 248 455 312 nominatorem
464 252 584 318 pendere
594 253 721 308 lacertae.
795 308 798 313 ,

64 316 130 373 flet
138 333 264 388 quoque,
274 325 307 371 ut
316 321 346 370 in
355 319 470 385 speculo
481 336 564 388 rugae
575 321 701 390 adspexit
710 324 807 390 aniiee,

64 388 219 457 rynoann
234 393 264 441 et
272 403 381 451 cecum,
390 404 442 440 cor
450 390 488 441 eit
496 391 538 441 bie
549 398 643 458 rapta,
652 395 786 461 requirit.=

64 457 769 526 Tempuaedaxrerum‚tuqueinvidioeavetuataa‚

65 526 707 594 omniadeetruitie‚ritiataquedentibueaeri
837 532 887 587 255
949 540 951 544 ’

65 595 206 649 Paulatim
216 595 294 648 lenta
303 596 465 647 consumitis
475 599 569 648 omnia
578 603 676 651 morte.
749 626 756 643 ι

64 666 145 719 Haec
158 679 270 733 quoque
285 679 342 716 non
356 670 495 731 perstant,
506 680 579 734 quae
592 682 642 719 noe
656 665 804 721 Elementa
902 715 909 732 ,

481 751 625 788 vocamus:

66 805 200 872 Quaeque
210 804 283 856 vices
292 808 439 872 peragant,-
446 804 553 857 animos
563 805 700 870 adhibete,
712 807 825 859 docebo.

100 874 231 936 quatuor
240 879 370 925 aeternus
381 874 518 941 genitalia
528 890 646 942 corpora
655 877 775 928 mundun

69 944 211 995 Continet:
226 957 260 995 ex
270 943 328 993 iilis
339 942 394 994 duo
405 949 471 995 eunt
481 959 612 1008 onerosa,
622 959 727 1014 auoque
837 944 888 996 240

67 1010 196 1065 Pondere
206 1011 234 1060 in
244 1011 375 1074 inferius,
383 1012 468 1063 tellue
479 1017 563 1083 atque
572 1015 660 1078 unda,
671 1015 818 1067 ferentum
893 1008 897 1016 ¹

67 1082 103 1135 at
112 1079 230 1133 totidem
240 1081 377 1148 gravitate
387 1088 496 1132 carent:
512 1083 645 1150 nulloque
655 1089 800 1149 premente

67 1151 131 1203 dita
140 1154 252 1216 petunt,
262 1152 322 1213 adr,
332 1154 416 1217 atque
427 1152 491 1201 ac're
502 1152 598 1217 purior·
608 1153 687 1218 ignie.

68 1221 146 1285 Quae
157 1234 325 1287 quamquam
336 1220 425 1286 spatio
436 1219 548 1281 dietant,
558 1221 826 1272 tamenomniaiiunt

67 1289 108 1342 Ex
118 1289 198 1356 ipsis,
211 1293 239 1340 et
248 1290 277 1338 in
286 1289 345 1354 ipsa
355 1288 470 1339 cadone
484 1287 662 1355 resolutaque
672 1289 757 1341 telius
838 1289 887 1343 245

67 1359 95 1412 in
107 1357 230 1427 liquidae
241 1357 359 1409 rarescit
368 1371 466 1424 aquae:
481 1361 612 1408 tenuatus
622 1359 650 1408 in
662 1373 744 1409 aurae

66 1425 829 1496 deraquenumerabit:demtoquoquepondere,rureua

64 1496 96 1551 la
108 1510 227 1563 nuperos
238 1498 287 1547 aer
296 1495 474 1547 tenuissimus
485 1496 586 1548 emicat
595 1498 681 1564 ignee.

64 1566 135 1620 lude
145 1570 223 1617 retro
234 1565 365 1628 redeunt,
375 1564 504 1634 idemque
515 1567 652 1618 retexitur
660 1566 739 1620 ordo.

63 1634 77 1687 1
153 1635 227 1686 enim
238 1634 353 1686 densum
362 1636 497 1701 epiaeatue
506 1637 535 1686 in
545 1639 613 1688 adra
622 1639 736 1701 traneit3
839 1637 889 1689 250

96 1705 124 1756 ie
132 1706 162 1755 in
172 1718 270 1772 aquae:
285 1703 370 1756 telius
380 1703 537 1772 glomerata
547 1706 656 1774 cogitur
665 1706 748 1757 unda.

63 1773 127 1827 Neo
135 1774 242 1840 speciae
251 1788 302 1824 aua
312 1775 412 1841 cuique
423 1779 528 1825 manet:
539 1790 688 1842 rerumque
699 1776 828 1826 novatrix

63 1842 184 1896 Exaliie
193 1841 263 1894 aliae
272 1847 385 1909 reparat
394 1841 502 1894 Natura
512 1845 624 1909 ligures.

63 1912 125 1967 Nec
134 1913 207 1980 perit
216 1913 246 1963 in
256 1917 335 1963 tanto
347 1911 504 1981 quidquam,
514 1909 582 1961 mihi
593 1911 825 1976 oredite‚mundo,

64 1981 123 2035 aed
132 1981 235 2045 variat,
245 1979 400 2048 faciemque
410 1985 506 2031 novat:
521 1980 652 2047 nascique
661 1987 786 2042 vocatur,
837 1983 886 2035 2⁶5

64 2051 194 2118 incipere
205 2066 266 2104 cese
277 2049 363 2114 aliud,
372 2064 454 2119 quarn
465 2049 539 2116 quod
546 2047 682 2113 irritante
694 2051 827 2117 morique,

64 2120 205 2174 Desinere
216 2119 286 2173 illud
296 2119 380 2184 idem,
395 2134 457 2172 cum
467 2120 525 2171 nint
534 2117 589 2172 huc
597 2118 714 2171 forsitan
725 2119 784 2181 iila,

10 2204 12 2211 ·
64 2189 831 2254 Haeetronelnteiilu03eummatamenomniaoonetant

65 2259 114 2313 Nil
125 2259 253 2326 equidem
264 2259 366 2311 durare
375 2259 423 2310 diu
433 2258 484 2310 nub
495 2259 615 2326 imagine
626 2257 724 2310 eadem

66 2328 249 2383 crediderim.
269 2328 316 2382 Sic
326 2328 362 2381 ad
373 2328 478 2381 ferrum
488 2329 603 2381 renietie
613 2328 648 2380 ab
658 2341 736 2390 auro,
840 2329 890 2382 atio

67 2395 200 2450 Saecula:
215 2397 256 2465 eie
265 2399 348 2450 toties
358 2414 439 2451 renea
450 2403 493 2452 eet
502 2399 628 2450 Fortuna
637 2397 772 2449 iocorum.

66 2467 134 2521 Vidi
144 2483 210 2535 ego,
220 2469 295 2536 quod
305 2467 399 2520 irrorat
408 2468 547 2537 quondam
558 2466 728 2520 eolidinima
735 2466 829 2531 tellus,

67 2536 139 2589 aue
148 2535 265 2601 fretum,
274 2537 330 2588 vidi
341 2536 431 2589 iactae
441 2552 476 2590 ex
486 2551 608 2605 aequore
619 2541 721 2590 terrae:

66 2605 105 2658 lit
114 2606 214 2674 procul
224 2622 242 2658 a
251 2607 350 2674 pelago
361 2605 483 2658 conchae
492 2607 604 2659 iacuere
613 2608 750 2658 manniae:

67 2675 562 2800 Etaqtqqiquqaataeatinmoutibua
573 2675 810 2802 ancxorarummie.
839 2674 889 2729 aes
