1926 3016
103 144 120 208 ,’
152 158 188 212 rs
314 155 368 209 r.
389 139 532 210 ovibu
553 154 739 211 unsoms

152 261 308 328 Auditaque
317 260 379 312 riae
391 273 502 325 caussa,
512 261 576 314 Non
585 261 655 314 utile
666 262 767 329 carpis,

95 340 143 396 550
152 333 258 399 lnquit,
269 332 334 382 iter:
349 346 384 382 ne
395 345 494 396 sperne
504 347 583 384 meae
593 333 740 399 praesagia
750 331 871 399 linguae.

152 401 227 464 Quid
237 399 351 464 fuerim,
364 401 431 468 quid
441 402 561 470 simque,
577 402 654 465 vide3
670 402 855 470 meritumque

567 486 691 538 require:

152 539 280 593 Invenies
291 541 418 592 nocuisse
428 538 521 592 iidem.
542 539 614 592 Nam
625 545 751 607 tempore
762 539 884 608 quodam

153 607 250 661 Pallas
260 608 486 672 Erichthonium,
498 610 603 676 prolem
614 612 674 662 sine
686 615 775 662 matre
787 616 921 675 creatam,

156 677 303 730 Clauserat
311 681 415 732 Actaeo
426 685 505 732 texta
516 681 549 732 de
559 682 661 732 vimine
672 683 752 733 cista:

54 727 57 751 ⁸
93 752 144 811 555
154 748 371 819 virginibusque
381 750 484 813 tribus,
494 751 604 817 gemino
616 750 650 801 de
661 751 783 816 Cecrope
794 750 876 812 natis,

153 817 236 870 Hanc
246 817 338 884 legem
348 819 479 882 dederat,
489 834 541 870 sua
550 836 585 871 ue
597 827 705 871 secreta
714 819 849 871 siderent

154 886 256 939 Abdita
266 886 366 939 fronde
375 889 429 940 leri
441 887 526 940 densa
536 888 701 956 speculabar
711 891 744 941 ab
755 890 840 952 ulmo,

156 956 230 1019 Quid
242 955 372 1009 facerent
386 959 539 1009 Commissa
549 959 620 1010 duae
626 958 791 1010 sinefraude
797 963 923 1021 tuentur,

75 1017 86 1032 '
155 1024 314 1080 Pandrosos
324 1028 511 1095 atquellerse.
523 1029 649 1079 Timidas
658 1035 924 1080 vocatunasorores

81 1095 307 1163 &fiohglaurost
322 1097 466 1166 nodosque
477 1113 560 1148 manu
573 1097 690 1150 diducIt:
707 1104 736 1149 at
745 1101 820 1148 intus

156 1165 352 1234 lufantemque
362 1168 470 1231 vident,
482 1173 733 1236 apporrectumque
744 1169 904 1219 draconem.

156 1237 228 1288 Acta
238 1234 316 1288 Deae
326 1237 432 1289 refero:
448 1253 498 1304 pro
510 1253 564 1306 quo
575 1237 643 1289 mihi
653 1240 744 1305 gratia
754 1236 820 1298 talis

158 1305 309 1369 Redditur,
319 1312 352 1357 ut
361 1307 438 1359 dicar
448 1308 539 1358 tutele
548 1308 630 1374 pulsa
638 1308 796 1370 Minervae3

158 1375 196 1427 Et
205 1390 294 1441 ponar
304 1381 369 1441 post
378 1378 469 1427 noctis
479 1391 565 1429 avem.
587 1378 652 1428 Mea
663 1375 891 1441 poenarolucres

98 1446 148 1504 565
157 1443 341 1496 Admonuisse
351 1450 457 1510 potest,
466 1459 502 1495 ne
512 1457 579 1495 voce
589 1445 714 1510 pericula
726 1451 871 1511 quaerant.

156 1515 202 1575 nt,
212 1518 289 1580 puto,
299 1528 356 1563 non
365 1513 450 1575 ultro,
463 1528 513 1563 nec
524 1513 675 1581 quidquam
685 1513 744 1565 tale
754 1522 901 1581 rogantem

157 1583 206 1634 Me
217 1583 306 1649 petiit.
326 1583 388 1649 lpsa
398 1582 464 1634 licet
475 1581 528 1633 hoc
537 1598 554 1633 a
564 1582 681 1634 Pallade
691 1598 821 1651 quaeras:

157 1653 288 1715 Quamvis
299 1653 372 1702 irata
383 1658 436 1702 est:
452 1667 508 1703 non
520 1650 572 1703 hoc
583 1654 656 1704 irata
665 1653 787 1720 negabit.

155 1719 228 1773 Nam
238 1737 282 1773 me
293 1720 431 1773 Phocaica
440 1723 532 1773 clarus
542 1722 645 1775 tellure
657 1723 809 1786 Coroneus,

97 1794 148 1863 ⁵7⁰
156 1791 233 1844 Nota
243 1790 354 1859 loquor,
364 1793 472 1858 genuit,
484 1790 645 1859 fueramque
657 1808 709 1860 ego
720 1795 798 1860 regia
806 1795 900 1860 uirgo:

157 1860 297 1913 Divitibus
317 1876 351 1912 ue
362 1862 465 1927 procis,
475 1877 510 1913 ne
521 1876 565 1912 me
577 1867 736 1924 contemne,
746 1864 869 1928 petebar.

156 1931 262 1984 Forma
271 1933 309 1982 mi
329 1932 339 1981 i
350 1931 457 1982 nocuit:
474 1945 539 1981 nam
550 1947 610 1982 cum
623 1945 674 1998 per
683 1932 780 1999 littora
789 1932 873 1983 lentis

156 2001 301 2064 Passibus‚
311 2006 344 2051 ut
353 1999 444 2063 soleo,
455 2015 564 2052 summa
572 2002 710 2067 spatiarer
719 2016 812 2064 arena,

157 2073 251 2135 Vidit,
261 2077 290 2124 et
299 2070 417 2123 incaluit
427 2070 518 2138 pelagi
529 2070 618 2123 Deus:
634 2078 719 2139 utque
729 2071 871 2138 precando

98 2139 150 2210 575
158 2144 302 2209 Tempora
312 2156 375 2193 cum
385 2141 496 2193 blandis
507 2144 661 2192 consumsit
669 2142 764 2193 inania
773 2143 877 2206 verbis3

158 2213 224 2266 Vim
235 2217 327 2279 parat,
335 2217 364 2264 et
371 2213 506 2280 sequitur.
516 2210 614 2280 Fugio,
620 2212 923 2281 densumquereliuquo

159 2280 268 2344 Littus‚
281 2284 347 2334 etin
359 2282 438 2333 molli
448 2283 635 2350 nequidquam
646 2282 736 2333 lassor
746 2297 839 2334 arena.

159 2351 228 2405 lude
238 2349 328 2414 Deos,
340 2350 522 2420 hominesque
532 2366 614 2403 roco:
628 2368 680 2405 uec
690 2353 807 2419 contigit
816 2350 904 2401 ullum

159 2420 224 2474 Vox
234 2435 297 2473 mea
307 2421 464 2473 mortalem.
484 2423 564 2473 Mota
574 2427 617 2473 est
628 2436 678 2488 pro
688 2422 891 2489 virgineuirgo‚

22 2510 29 2530 ι
100 2486 151 2542 580
159 2490 357 2558 Auxiliumque
369 2491 443 2542 tulit
464 2492 624 2544 Tendebam
634 2490 748 2542 brechia
758 2488 850 2541 coelo:

153 2559 279 2610 Brachia
290 2566 441 2627 coeperunt
451 2560 558 2613 levibus
568 2559 727 2630 nigrescere
738 2559 843 2626 permis.

136 2621 325 2682 Reiicereex
334 2629 585 2688 humorisvestem
593 2628 831 2693 nrolibarqatilla

120 2688 233 2748 Pluma
245 2705 328 2770 emt,-
344 2705 440 2776 inque
450 2711 552 2763 cutem
561 2687 681 2762 reddes
690 2697 880 2770 eustatmus
