1926 3016
98 146 518 201 METAMORPHOSEON
535 149 616 204 LIB.
637 150 703 206 XV·
733 147 788 206 3³3

44 253 148 304 ‘ulnera
158 252 241 304 dente
251 253 339 314 iuvat,
349 253 474 320 ritusque
484 251 590 305 referre
602 255 774 323 Cyclopum}

47 340 92 386 ec,
104 323 158 373 nisi
170 322 325 388 perdideris
335 322 419 373 alium
426 358 434 385 ‚
445 322 556 388 placare
568 325 675 376 voracis

45 392 140 444 tmaie
152 395 253 444 murati
265 394 485 458 poterisi'eiunia
495 393 615 452 renfi‘si
795 393 828 465 95

45 467 144 514 tretus
153 462 204 513 illu
214 468 305 524 aetas,
317 464 360 512 cui
372 462 488 515 fecimus
499 465 594 515 Aurea
603 478 712 528 nomen,

45 533 153 584 neribus
164 533 301 593 arboreis,
313 537 353 596 et,
365 548 433 600 quas
445 532 546 584 hunius
556 534 669 599 educat,
679 534 773 588 herbis

45 606 176 653 urtunute
186 601 252 661 i'uit,
263 618 314 653 nee
325 603 426 669 puiiuit
435 619 485 655 urs
495 619 604 656 eruore.
681 620 684 627 ·

45 687 99 722 unc
109 678 138 723 et
149 687 213 723 aves
225 678 299 722 tutas
310 687 422 725 morere
434 689 484 740 per
494 677 561 726 adra
571 674 691 742 pennes3

45 741 145 807 tlepus
155 741 309 808 imparidus
320 744 419 797 mediis
429 746 570 796 erraritin
582 747 670 814 egris:
798 761 847 798 100

45 828 76 863 ec
85 813 139 862 sua
148 811 299 862 'credulitas
310 815 412 878 piscem
423 815 607 880 suspenderat
618 815 713 879 hamur

45 885 126 931 uncta
135 882 196 932 siue
205 881 327 945 insidiis,
338 884 499 952 nullumque
509 887 637 949 ‚timentia
647 886 783 949 fraudem,

45 951 162 1018 iensque
173 952 248 1017 pacis
260 959 348 1003 crant.
370 953 517 1021 Postquam
531 970 586 1006 nou
597 955 784 1008 utilis'uuetor

45 1021 148 1073 ictibus
157 1021 271 1083 invidit,
282 1025 405 1090 quisquis
417 1024 471 1075 fuit
480 1024 529 1076 iile
540 1027 672 1088 virorum,
739 1044 741 1049 ·

45 1105 230 1160 orporeasque
241 1092 324 1157 dapes
335 1093 444 1142 aridam
455 1093 589 1145 demersit
597 1097 626 1145 in
637 1096 743 1160 alrum3
797 1097 845 1147 105

45 1162 98 1212 ecit
109 1162 163 1212 iter
174 1161 285 1212 sceleri:
303 1162 447 1229 primaque
458 1178 472 1213 e
483 1164 567 1214 caede
580 1163 703 1215 serarum

45 1231 170 1282 ¹caluisse
181 1237 275 1296 putem
287 1232 455 1282 maculatum
465 1233 730 1300 sanguine-serrum:

45 1302 105 1368 ique
115 1300 184 1350 satis
196 1300 301 1350 iuerat:
318 1306 498 1368 nostrumque
510 1303 635 1367 petentia
645 1303 732 1354 letum

45 1384 146 1436 orpora
156 1371 241 1420 missu
253 1371 312 1420 neci
323 1370 401 1421 salvs
413 1373 517 1436 pietate
529 1371 663 1422 fatemur:

45 1441 72 1492 td
83 1455 169 1508 quam
181 1439 273 1490 darida
283 1441 357 1502 neci,
368 1445 426 1490 tam
437 1456 492 1491 nun
504 1440 643 1507 epulanda
652 1440 775 1497 fuerunt.
797 1458 844 1492 rio

45 1510 146 1576 ongius
157 1509 221 1560 inde
233 1508 312 1561 nefus
323 1510 404 1573 abiit,
420 1517 449 1562 et
459 1513 548 1577 primu
560 1516 674 1576 putatur

45 1581 120 1631 ostia
131 1594 178 1628 sus
190 1581 324 1630 meruisse
336 1581 419 1642 mori,
430 1583 494 1648 quia
504 1584 611 1632 semina
621 1582 712 1648 pando

45 1651 134 1702 ruerit
143 1655 250 1711 rostro,
261 1664 393 1717 spemque
404 1652 584 1718 interceperit
595 1653 669 1703 aurii.
755 1706 760 1717 Ι

45 1723 80 1772 ite
92 1735 179 1786 caper
189 1734 280 1770 morsa
290 1718 568 1773 Bacchimactandus
581 1722 615 1772 ud
626 1737 690 1774 aras

45 1791 139 1847 ucitur
149 1789 259 1851 ultoris.
280 1789 382 1841 Neeuit
393 1807 444 1841 sua
454 1792 535 1857 culpa
546 1792 662 1843 duobus.
797 1792 843 1843 115

45 1860 782 1926 uidmeruistis,oves‚placidumpecus‚iuqrretuend0s

45 1937 123 1982 itum
134 1927 269 1991 homines,
280 1929 363 1995 pieuu
375 1945 445 1996 quae
457 1929 570 1978 sertisin
578 1928 781 1982 uberenecteri

46 2001 121 2054 ollia
132 2015 204 2066 quae
216 2000 295 2056 nubis
307 2004 414 2048 rostras
425 1998 562 2049 velamina
572 1998 651 2048 ianas
702 2038 705 2044 .

45 2071 177 2131 debetis,
187 2069 300 2135 vitaque
311 2069 399 2135 magis
406 2103 414 2128 ‚
426 2082 507 2133 quam
520 2074 611 2117 nmrte
621 2067 730 2117 iuvetis.

45 2141 91 2192 rid
102 2154 232 2190 meruere
243 2139 339 2200 bures,
351 2138 455 2188 animai
466 2138 525 2188 sine
537 2135 636 2187 fraude
647 2136 783 2204 dolisque,
799 2154 844 2189 12⁰

45 2225 185 2271 nocuum,
196 2209 328 2275 simplex,
340 2214 434 2260 natum
445 2207 568 2258 tolerare
581 2205 707 2258 iuberes?

45 2295 168 2332 rmemor
178 2285 221 2330 est
232 2279 351 2341 demum,
363 2293 414 2329 nee
425 2275 535 2344 frugum
547 2291 663 2327 munere
674 2275 782 2344 dignus,

45 2352 71 2401 ui
83 2350 178 2416 putuit
189 2350 265 2400 curri
277 2349 370 2399 demto
382 2347 464 2405 modu
476 2347 599 2412 pendere
610 2346 698 2397 aratri
729 2375 731 2378 >

45 2419 178 2470 rrieuiarn
190 2423 313 2470 muctare
324 2433 416 2468 suum:
432 2419 478 2484 qui
491 2418 559 2467 trita
569 2416 664 2467 debore
736 2422 740 2428 ’

45 2491 85 2551 ia,
96 2490 197 2556 quibus
208 2490 292 2540 tuties
303 2488 402 2539 durum
415 2491 597 2537 renovaverat
608 2501 714 2550 utrum,
799 2481 845 2537 225

45 2567 75 2611 nt
85 2559 203 2611 dederat
213 2573 330 2621 messes,
342 2557 479 2624 percussit
490 2555 562 2606 cuiie
572 2561 674 2608 securi.

45 2645 77 2682 ec
87 2631 156 2680 satis
168 2633 223 2690 est,
235 2627 313 2696 quud
320 2628 378 2678 tale
390 2626 467 2677 nefas
478 2627 675 2678 curnmittitur:
692 2629 766 2693 ipsos

45 2702 190 2766 scripsere
201 2699 277 2750 Deos
287 2696 388 2752 sceleri
392 2701 570 2766 {numenque
578 2712 730 2765 supernu-
