1926 3016
144 153 564 210 murnmouruosnou
580 119 662 211 um.
680 159 720 213 11.
784 159 819 214 αι

52 260 176 328 ldspin't
185 259 269 322 hauc,
278 261 420 329 visamque
430 265 524 313 vocat:
539 262 659 316 clamata
669 263 788 335 rehrgit3

52 333 88 384 Et'
97 331 196 382 timuit
204 332 307 397 primo,
317 346 353 382 ne
363 332 467 396 lupiter
479 338 553 383 esset
562 335 590 382 in
600 333 657 384 illa.

52 400 107 464 Sed
119 404 269 468 postquam
279 402 385 465 pariter
395 399 540 467 Nymphas
550 402 678 454 incedere
687 403 772 468 ridit3
830 413 881 466 445

54 470 148 524 Sensit
158 471 256 524 abesse
267 470 360 523 dolos:
376 485 581 591 numerpmque
591 473 708 524 accessit
717 473 754 527 ad

495 556 585 592 arum.

53 609 129 664 Heu!
141 625 225 679 quam
236 611 349 664 difficile
361 615 411 675 est,
423 613 528 663 crimen
539 626 595 663 nun
607 609 822 678 prodererultu!

54 680 106 732 Vix
118 681 218 732 oculos
228 682 334 733 attollit
345 681 442 733 humo:
458 697 524 744 nec,
535 687 566 731 ut
576 687 642 733 ante
652 681 770 745 solebat,

54 751 152 803 lancta
162 751 241 803 Deae
253 753 347 814 lateri,
358 768 409 803 nec
419 757 480 802 toto
490 758 535 803 est
545 753 655 820 agmine
667 752 770 818 primas

56 819 109 873 Sed
120 821 202 885 silet3
218 828 248 873 et
256 821 324 872 laesi
337 822 385 872 dat
395 822 474 888 signa
483 822 586 882 rubore
596 822 717 888 pudoris.
831 826 882 880 450

55 891 105 954 Et,
114 891 170 941 nisi
181 891 256 958 quod
266 894 345 958 virgo
357 896 413 952 est,
424 896 534 956 poterat
544 893 648 943 sentire
658 891 753 943 Diana

55 961 137 1013 Mille
146 963 222 1013 notis
233 961 352 1026 culpam.
372 958 518 1027 Nymphae
528 964 650 1014 sensisse
661 961 800 1014 feruntur.

57 1032 132 1083 Orbe
142 1032 330 1099 resurgebant
340 1029 464 1080 Lunaria
474 1045 579 1082 cornua
589 1046 678 1095 non03
718 1076 725 1092 ,

58 1101 126 1152 Cum
137 1101 201 1153 Dea
210 1101 355 1161 venatrix,
366 1097 498 1151 fraternis
508 1099 781 1168 languidailammis,

57 1170 148 1224 Nacta
158 1185 259 1222 nemus
266 1168 401 1238 gelidum:
414 1168 448 1219 de
455 1182 576 1234 quocum
582 1169 827 1222 murmurelabens
835 1169 885 1223 455

56 1241 131 1308 lbat,
143 1246 174 1294 et
184 1242 298 1291 attritas
309 1237 440 1289 versabat
449 1239 524 1287 rivus
536 1252 645 1288 arenas.

57 1310 94 1364 Vt
103 1311 169 1364 loca
180 1310 321 1371 laudauit3
337 1321 458 1358 summas
468 1307 538 1372 pede
548 1308 668 1375 contigit
676 1306 774 1360 undas.
792 1318 794 1325 ’

10 1418 16 1429 ,
51 1381 107 1434 ¹llis
118 1394 234 1450 quoque
244 1378 374 1440 laudatis,
380 1376 483 1428 Procul
494 1382 545 1440 est,
556 1379 603 1440 ait,
614 1378 719 1430 arbiter
725 1379 827 1431 omnis:

10 1450 14 1457 '
57 1451 139 1503 Nuda
147 1447 308 1517 superfusis
319 1449 458 1514 tingamus
470 1461 589 1514 corpora
600 1446 730 1515 lymphis.

58 1520 204 1574 Parrhasis
214 1520 335 1571 erubuit.
357 1519 478 1570 Cunctae
488 1518 627 1570 velamina
638 1523 758 1585 ponunt:
835 1517 887 1571 460

57 1592 118 1644 Vna
129 1604 226 1643 moras
237 1590 359 1656 quaerit:
376 1588 515 1639 dubitanti
525 1591 610 1640 vestis
621 1589 733 1641 ademta
743 1593 798 1641 est:

58 1663 117 1725 Qua
126 1648 221 1728 positi
231 1659 305 1710 nudo
317 1660 408 1726 patuit
418 1674 479 1709 cum
490 1673 608 1725 corpore
619 1662 733 1710 crimen.

58 1732 215 1793 Attonitae,
225 1731 409 1797 manibusque
420 1734 531 1780 uterum
542 1729 635 1780 celare
644 1728 758 1793 volenti,

14 1838 17 1843 -
57 1801 181 1868 lprocul
191 1799 269 1863 binc,
281 1800 364 1862 dixit,
375 1815 427 1850 nec
437 1814 532 1857 sacros
543 1799 638 1866 pollue
648 1799 750 1864 fontes,

59 1871 192 1939 Cynthia:
208 1870 298 1938 deque
310 1884 361 1920 suo
371 1871 453 1919 iussit
462 1871 594 1922 secedere
605 1876 696 1922 coetu.
834 1865 887 1919 465

89 1941 226 1994 Senserat
236 1939 290 1990 hoc
299 1939 365 1990 olim
378 1941 471 2006 magni
481 1946 612 1991 matrona
621 1938 768 2000 Tonantis,

59 2007 272 2077 Distuleratque
283 2024 382 2077 graves
392 2011 421 2060 in
432 2011 534 2061 idonea
543 2014 672 2075 tempora
681 2021 796 2074 poenas.

60 2081 164 2132 Caussa
174 2095 272 2131 morae
282 2079 360 2130 nulla
365 2085 420 2130 est:
430 2080 697 2144 etiampuerhrcas,
702 2077 730 2126 id
736 2076 828 2143 ipsum

58 2148 185 2202 ludoluit
193 2150 276 2211 luno,
288 2149 381 2201 fuerat
390 2149 424 2200 de
435 2148 537 2214 pellice
548 2155 639 2197 natus.

58 2221 119 2285 Quo
131 2219 218 2270 simul
228 2220 349 2270 obvertit
358 2231 469 2270 saevam
480 2231 543 2268 cum
554 2217 660 2269 lumine
670 2220 806 2283 mentem3
837 2224 886 2285 470

58 2288 172 2342 Scilicet
182 2287 236 2340 hoc
245 2305 331 2340 unum
342 2289 481 2350 restabat,
492 2287 636 2350 adultera,
647 2287 726 2353 dixit,

57 2359 328 2413 thecundaforess
359 2359 495 2425 fieretque
506 2358 608 2408 iniuria
618 2363 700 2424 partu

58 2429 143 2493 Nota,
152 2430 285 2497 lorisque
294 2429 351 2480 mel
361 2434 494 2480 testatum
507 2428 627 2479 dedecus
639 2433 722 2480 esset.

58 2499 140 2553 Haud
152 2502 268 2566 impune
280 2498 366 2550 seres:
381 2499 502 2549 adimam
513 2497 564 2549 tibi
574 2513 673 2565 nempe
684 2501 819 2569 liguram3

59 2571 119 2633 Qua
128 2571 193 2633 tibi,
204 2584 314 2639 quaque
324 2568 418 2634 places
429 2573 535 2629 nostro,
545 2569 828 2635 importuna,marit0.
837 2572 888 2630 475

58 2639 151 2693 Dixit:
168 2643 211 2703 et,
221 2639 340 2690 aduersa
349 2640 457 2704 prensis
468 2653 486 2688 a
496 2637 588 2690 fronte
599 2638 716 2705 capillis,

58 2707 255 2766 btradthumi
263 2722 391 2779 monam.
406 2706 554 2767 Tendebat
562 2707 682 2768 braohia
691 2705 830 2781 suppleas
