1926 3016
176 113 599 193 METAMORPHOSEON
616 117 698 174 LlB.
716 120 749 174 V.
814 122 849 175 99

33 272 35 277 .
81 223 238 278 Ventorum
248 222 340 274 rabies
349 223 434 273 motis
445 228 594 290 exasperat
602 226 692 279 undis.

33 308 35 351 ξ
81 295 193 347 Primus
202 294 232 344 in
243 290 285 343 his
296 289 431 354 Phineus,
440 291 509 344 belli
518 295 682 346 temerarius
693 299 801 360 auctor,

33 394 36 415 r
80 365 249 418 Fraxineam
259 362 387 431 quatiens
397 367 511 414 aeratae
522 362 645 429 cuspidis
655 363 777 430 hastam3

80 433 136 487 En!
153 433 207 495 ait,
218 430 265 484 en!
283 432 380 483 adsum
390 437 555 498 praereptae
566 435 690 502 coniugis
700 434 784 486 ultor.
860 455 890 490 10

80 504 139 557 Nec
148 500 216 553 mihi
226 505 256 552 to
266 515 386 567 pennae,
396 515 448 552 nec
456 499 557 568 falsum
567 518 664 555 versus
675 505 702 554 in
714 518 811 556 aurum

61 590 64 603 ·
80 573 203 639 Iupiter,
214 571 340 638 eripient.
362 571 481 621 Conanti
492 572 605 624 mittere
617 571 751 640 Cepheus,

80 642 156 705 Quid
166 638 254 692 facist
263 639 413 692 exclamat:
426 654 497 707 quae
507 645 545 704 te,
554 655 696 709 germane,
708 641 847 695 furantem

79 712 163 766 Mens
179 711 239 778 agit
248 711 276 760 in
288 707 412 761 facinusl
426 711 570 763 meritisne
581 710 649 764 haec
658 714 751 780 gratia
761 714 847 764 tantis

79 778 236 834 Redditur?
251 777 304 831 hac
312 781 397 844 vitam
407 785 535 832 servatae
547 781 611 833 dote
621 780 768 848 rependisl
858 788 889 841 15

79 853 172 915 Quam
181 850 232 901 tihi
243 863 299 900 non
309 848 441 912 Perseus,
452 864 549 901 verum
559 851 582 902 si
593 853 717 919 quaeris,
727 852 845 904 ademit:

79 919 135 974 Sed
145 934 231 989 grave
240 919 391 971 Nereidum
402 935 512 983 numen,
522 920 571 972 sed
582 922 710 988 corniger
719 923 846 987 Ammon,

80 989 136 1043 Sed
147 1005 220 1059 quae
229 990 382 1043 visceribus
392 991 521 1041 veniebat
530 989 626 1041 bellua
635 997 722 1057 ponto

79 1058 281 1113 Exsaturanda
290 1060 367 1110 meis.
388 1059 442 1110 llio
452 1060 504 1109 tibi
515 1065 640 1124 tempore
650 1066 733 1126 rapta
744 1064 794 1123 est,

79 1131 142 1193 Quo
153 1129 280 1196 peritura
290 1127 351 1178 fuit.
370 1126 430 1177 Nisi
440 1129 478 1187 si,
490 1127 624 1188 crudelis,
634 1128 663 1177 id
672 1130 762 1193 ipsum
857 1152 889 1184 20

79 1199 190 1267 Exigis,
201 1203 234 1248 ut
243 1201 352 1263 pereat:
369 1195 504 1262 luctuque
514 1194 642 1246 levabere
653 1202 759 1247 nostro.

79 1267 195 1321 Scilicet
204 1264 282 1317 haud
291 1266 360 1316 satis
372 1269 427 1328 est,
442 1263 529 1333 quod,
545 1270 573 1314 te
583 1269 739 1330 spectante,
752 1279 795 1319 re·

104 1336 108 1343 “
136 1343 140 1349 ·
498 1334 657 1398 vinctaest3

80 1407 117 1460 Et
125 1405 237 1459 nullam
248 1402 322 1472 quod
334 1417 413 1470 opem
423 1407 540 1471 patruus
550 1417 701 1471 sponsusve
712 1403 815 1456 tulisti:

79 1477 212 1543 insuper,
223 1490 241 1525 a
251 1488 390 1543 quoquam
402 1473 475 1541 quod
487 1474 525 1524 sit
534 1479 658 1538 serrata,
669 1472 789 1538 dolebis3

79 1545 265 1613 Praemiaque
276 1541 394 1609 eripiesl
408 1558 480 1610 quae
490 1545 514 1593 si
524 1543 573 1594 tibi
585 1559 685 1611 magna
694 1544 838 1608 videntur3
858 1546 890 1598 25

79 1617 124 1669 Ex
132 1614 193 1666 illis
203 1614 338 1680 scopulis,
350 1613 396 1664 ubi
408 1617 488 1664 erent
498 1612 593 1675 allixa,
603 1615 733 1679 petissesz

80 1685 163 1739 Nunc
173 1685 248 1746 siue,
264 1683 312 1751 qui
321 1683 415 1750 petiit,
429 1696 572 1751 perquem
583 1681 718 1736 haecnon
729 1681 798 1735 orba

499 1756 639 1816 senectus,

80 1823 181 1885 Ferre,
193 1821 266 1889 quod
277 1826 306 1874 et
315 1821 422 1874 meritis
433 1826 463 1874 et
472 1835 539 1874 voce
551 1827 595 1874 est
604 1827 715 1889 pactus:
730 1837 849 1890 eumque

81 1892 146 1947 Non
156 1893 221 1955 tibi,
231 1891 281 1944 sed
290 1897 384 1943 certae
394 1891 550 1958 praelatum
560 1891 687 1958 intellige
698 1893 791 1941 morti.

80 1963 135 2017 lile
146 1959 217 2012 nihil
226 1967 335 2012 uonna:
350 1961 402 2015 sed
410 1965 439 2012 et
449 1959 535 2023 hunc,
546 1966 575 2011 et
586 1960 689 2012 Persea
698 1958 779 2009 vultu
858 1959 891 2010 50

80 2033 199 2087 Alterno
210 2035 349 2096 spectans,
359 2033 437 2096 petat
447 2027 520 2081 hunc
531 2030 654 2096 ignorat,
666 2043 701 2079 an
712 2027 800 2078 illum.

82 2103 291 2168 Cunctatusque
302 2100 393 2162 brevi,
404 2104 562 2150 contortam
573 2098 677 2149 ritibus
687 2095 804 2161 hastam,

81 2174 210 2234 Quantas
220 2170 263 2220 ira
273 2168 369 2231 dabat,
380 2168 566 2237 nequidquam
576 2169 604 2219 in
616 2167 719 2219 Persea
730 2168 813 2218 misit.

81 2242 122 2294 Vt
131 2240 212 2291 stetit
221 2237 270 2288 illa
281 2244 360 2301 toro;
375 2240 472 2289 stratis
481 2243 541 2288 tum
553 2237 672 2306 denique
683 2237 805 2290 Perseus

81 2308 219 2372 Exsiluit,
229 2306 343 2376 teloque
353 2305 434 2359 ferox
444 2309 557 2360 inimica
565 2311 682 2360 remisso
859 2311 892 2361 55

81 2379 202 2431 Pectora
211 2379 347 2446 rupisset,
358 2378 410 2428 nisi
421 2382 485 2444 post
495 2377 596 2430 altaria
606 2376 726 2430 Phineus
788 2383 790 2388 '

80 2450 164 2501 isset:
181 2452 223 2510 et,
233 2445 390 2514 indignum!
406 2446 544 2501 scelerato
555 2445 729 2515 proluitara.

80 2519 188 2571 Fronte
198 2521 292 2570 tamen
302 2516 404 2568 Rhoeti
413 2531 469 2568 non
477 2517 559 2569 irrita
569 2518 661 2585 cuspis
673 2516 813 2571 adhaesit:

83 2590 140 2652 Qui
150 2591 299 2658 postquam
310 2586 423 2653 cecidit,
433 2585 596 2656 ferrumque
602 2601 642 2720 {x
652 2601 714 2642 osse
725 2588 817 2642 revel·

500 2672 561 2710 sum
572 2671 601 2711 es

491 2726 743 2915 malm
