1926 3016
166 144 216 201 un
348 104 739 207 nomenniomen

161 246 370 317 impulsumque
380 260 478 309 menn,
487 248 594 298 eertum
605 242 673 296 mihi
683 258 751 296 vers
761 242 857 312 interi,

161 319 293 371 Protinus
303 316 418 371 avertit:
432 321 568 383 tergoque
579 326 715 367 onerosus
725 312 856 369 inhaesit.

118 388 151 441 55
163 388 191 441 Si
204 402 258 457 qua
268 385 351 449 tides3
365 398 455 453 neque
465 386 539 436 enim
549 384 615 435 flete
625 381 691 436 mihi
702 382 797 451 glorie
805 400 874 439 voee

162 450 328 522 Quaesitum
342 454 472 523 imposito
482 466 594 520 pressus
605 448 670 504 mihi
681 458 779 507 monte
787 454 903 511 videbun

161 528 218 581 Vix
228 531 320 579 temen
331 524 442 577 exserui
452 521 555 576 sudore
565 520 682 575 fluentia
691 521 783 575 multo

162 594 296 661 Rruehiu3
310 594 356 646 uix
366 592 436 645 soiri
447 593 532 646 duros
542 606 560 644 u
570 606 687 661 corpore
696 606 795 645 nexus.
833 626 837 631 -

163 661 859 731 instetenhelenti,prohibetqueresumereviresr

119 736 153 790 oo
163 737 200 789 Et
210 735 317 789 cervice
326 747 389 786 mee
399 734 514 801 potitur.
534 733 608 784 Tum
618 732 837 803 deniqueteilus
949 776 953 783 .

163 804 263 858 Pressa
272 817 345 872 genu
355 809 454 855 nostro
465 809 522 866 est3
537 808 566 856 et
576 818 675 857 srenss
685 817 736 855 ore
745 802 890 859 momordi·
944 842 948 851 ·

88 916 91 923 .
162 871 779 938 lnieriorvirtute‚meesdevertorudertes3
945 856 954 897 ⁸

163 943 324 1011 Elaborque
334 943 408 1007 riro,
418 943 532 1012 longum
543 941 679 996 formatus
688 943 718 993 in
728 956 858 1011 unguem.
946 941 954 957 ¹

163 1013 218 1077 Qui
229 1017 293 1081 post
312 1026 377 1064 uum
386 1010 474 1065 flexos
484 1013 592 1066 sinuavi
603 1028 705 1081 eorpus
714 1013 745 1065 in
754 1012 850 1078 ornat

120 1085 153 1140 65
164 1084 287 1151 Cumque
294 1027 358 1135 {ero
369 1082 443 1134 movi
452 1082 576 1152 linguam
587 1082 707 1137 stridore
717 1081 868 1146 bisulcum

164 1152 250 1217 Risit,
262 1155 292 1206 et
300 1150 423 1206 illudens
433 1157 544 1206 nostres
554 1151 721 1221 Tirynthius
731 1156 825 1219 artes3

164 1223 306 1275 Cunarum
314 1221 395 1275 labor
405 1227 449 1276 est
458 1237 563 1292 ungues
572 1237 705 1290 superare
714 1235 852 1285 mearum,
950 1248 954 1277 r

163 1291 255 1345 Dixits
269 1298 311 1358 et,
321 1292 552 1356 urrinnandin,
561 1291 696 1365 Acheloi,
707 1291 854 1354 dracones,
948 1280 954 1362 1

164 1360 234 1414 Pers
246 1367 333 1431 quote
342 1360 486 1431 Lernseoe
496 1376 610 1431 sumens
621 1362 677 1415 eris
687 1376 761 1415 unus
771 1355 919 1413 Εοὶιίιίιιιοι
952 1368 954 1380 ·

121 1448 154 1499 70
164 1430 333 1485 Vulneribus
343 1430 464 1484 secunde
473 1434 530 1485 suis
541 1436 603 1485 eret
612 1432 672 1485 iile:
687 1446 740 1485 neo
748 1430 838 1485 nilum
946 1418 954 1487 i

163 1500 208 1555 De
218 1505 329 1552 centuni
340 1514 456 1552 numero
466 1507 550 1569 ceput
560 1508 604 1556 est
612 1503 724 1571 impune
733 1502 864 1565 mosum,
948 1506 954 1533 ·¹

164 1569 236 1633 Quin
248 1569 358 1637 gemino
369 1570 462 1622 oerrix
471 1568 576 1624 herede
585 1572 724 1625 valentior
734 1576 818 1624 esset.
946 1532 954 1657 Ι

163 1639 245 1690 Hane
256 1653 308 1708 ego
319 1652 459 1691 ramosum
469 1642 543 1692 nutis
553 1656 569 1694 e
580 1642 665 1695 oeede
676 1638 808 1704 colubris,

165 1710 396 1777 crescentemque
407 1709 489 1775 mulo,
500 1711 605 1777 domui,
615 1710 806 1794 domitumque
816 1707 918 1777 peremi·

121 1777 153 1844 75
165 1778 239 1843 Quid
249 1775 310 1830 sore
320 1783 348 1830 te
359 1777 469 1844 credas,
478 1779 581 1833 falsum
592 1783 639 1850 qui
649 1795 747 1834 versus
755 1797 785 1831 nn
796 1792 908 1848 unguem

164 1851 248 1903 Arme
258 1846 350 1901 aliena
359 1847 471 1901 monesi
485 1865 566 1918 quern
579 1850 808 1918 sormapreoeria
817 1844 901 1903 oeistt
949 1878 954 1883 -

163 1919 295 1972 Dixerat:
312 1923 342 1970 et
350 1932 459 1970 summo
470 1919 621 1989 digitorum
635 1919 742 1973 uincula
752 1918 829 1972 eollo
949 1966 954 1975 .

164 1989 265 2042 lniioit.
284 1986 428 2057 ingeber,
439 2004 491 2042 ceu
501 1994 617 2059 guttura
627 1989 734 2057 forcipe
745 2002 873 2057 pressus:
950 2004 954 2025 ·=

164 2057 370 2128 Pollicibusque
380 2074 457 2112 mess
467 2060 624 2129 pugnabam
635 2060 758 2113 evellere
767 2057 872 2113 fnum·
931 2038 954 2125 ¹3

123 2129 156 2181 80
169 2127 214 2179 Sic
224 2143 334 2197 quoque
345 2128 453 2180 devicto
464 2129 589 2182 restabat
597 2133 683 2182 tertia
693 2130 769 2180 tauri

165 2197 266 2249 Forma
277 2199 375 2249 trucis:
392 2202 475 2249 tauro
486 2203 610 2251 mutatus
620 2200 745 2252 membre
755 2198 872 2251 rebelle.
950 2218 954 2267 ,³

164 2268 260 2320 induit
271 2267 319 2320 ille
330 2268 401 2318 toris
412 2283 428 2319 n
438 2266 518 2320 laeve
528 2274 608 2336 purte
619 2269 750 2331 lacertos,

164 2337 376 2405 Admissunrque
387 2335 501 2389 trahens
511 2340 650 2407 sequitur:
663 2337 921 2408 deprensaquedun

166 2405 279 2457 Cornus
289 2408 351 2474 tigit
361 2404 460 2470 humo;
476 2421 576 2475 meque
586 2408 645 2459 elta
654 2409 756 2460 sternit
766 2422 861 2461 arena.

123 2473 155 2528 85
166 2474 224 2527 Nec
235 2477 303 2525 sotis
313 2476 342 2527 id
353 2475 457 2528 fueret:
474 2476 595 2545 rigidum
606 2477 667 2530 iere
677 2477 795 2530 dextere
805 2490 890 2547 cornu

160 2544 238 2598 Dum
251 2550 340 2610 tenet,
350 2545 479 2617 infregit3
495 2552 649 2615 truncoque
660 2561 677 2597 e
687 2545 783 2599 fronte
793 2546 907 2600 revellit

99 2633 102 2637 ·
151 2616 263 2674 Naides
275 2615 344 2686 hoo,
377 2619 450 2673 omis
461 2621 492 2671 et
500 2616 589 2669 orioro
597 2614 828 2679 iiorereuietum,

143 2688 332 2767 Sacrorunt3
370 2683 913 2765 ‘resquemeouonetomneornneo-
