<?xml version="1.0" encoding="UTF-8"?>
<!DOCTYPE html PUBLIC "-//W3C//DTD XHTML 1.0 Transitional//EN"
    "http://www.w3.org/TR/xhtml1/DTD/xhtml1-transitional.dtd">
<html xmlns="http://www.w3.org/1999/xhtml" xml:lang="en" lang="en">
 <head>
  <title>
</title>
<meta http-equiv="Content-Type" content="text/html;charset=utf-8" />
  <meta name='ocr-system' content='tesseract 3.04.00' />
  <meta name='ocr-capabilities' content='ocr_page ocr_carea ocr_par ocr_line ocrx_word'/>
</head>
<body>
  <div class='ocr_page' id='page_1' title='image "./povidiinasonisq01ovidgoog_0331.png"; bbox 0 0 1926 3016; ppageno 0'>
   <div class='ocr_carea' id='block_1_1' title="bbox 134 133 717 195">
    <p class='ocr_par' dir='ltr' id='par_1_1' title="bbox 134 133 717 195">
     <span class='ocr_line' id='line_1_1' title="bbox 134 133 717 195; baseline -0.01 0"><span class='ocrx_word' id='word_1_1' title='bbox 134 139 188 195; x_wconf 73' lang='grc'><strong>340</strong></span> <span class='ocrx_word' id='word_1_2' title='bbox 318 133 351 191; x_wconf 81' lang='lat' dir='ltr'><strong>P.</strong></span> <span class='ocrx_word' id='word_1_3' title='bbox 368 134 512 191; x_wconf 78' lang='lat' dir='ltr'><strong>ovibu</strong></span> <span class='ocrx_word' id='word_1_4' title='bbox 528 133 717 191; x_wconf 65' lang='lat' dir='ltr'><strong>Nasonis</strong></span> 
     </span>
    </p>
   </div>
   <div class='ocr_carea' id='block_1_2' title="bbox 72 238 887 2748">
    <p class='ocr_par' dir='ltr' id='par_1_2' title="bbox 73 238 887 589">
     <span class='ocr_line' id='line_1_2' title="bbox 73 238 751 309; baseline -0.006 -12"><span class='ocrx_word' id='word_1_5' title='bbox 73 242 124 299; x_wconf 69' lang='lat'><strong>³55</strong></span> <span class='ocrx_word' id='word_1_6' title='bbox 134 242 182 296; x_wconf 77' lang='lat' dir='ltr'><strong>Sic</strong></span> <span class='ocrx_word' id='word_1_7' title='bbox 191 240 276 304; x_wconf 83' lang='lat' dir='ltr'><strong>alias,</strong></span> <span class='ocrx_word' id='word_1_8' title='bbox 285 239 410 309; x_wconf 84' lang='lat' dir='ltr'><strong>aliasque</strong></span> <span class='ocrx_word' id='word_1_9' title='bbox 420 241 499 293; x_wconf 82' lang='lat' dir='ltr'><strong>lacm</strong></span> <span class='ocrx_word' id='word_1_10' title='bbox 508 244 538 293; x_wconf 87' lang='lat' dir='ltr'><strong>et</strong></span> <span class='ocrx_word' id='word_1_11' title='bbox 546 238 661 293; x_wconf 83' lang='lat' dir='ltr'><strong>humina</strong></span> <span class='ocrx_word' id='word_1_12' title='bbox 670 240 751 293; x_wconf 81' lang='lat' dir='ltr'><strong>vires</strong></span> 
     </span>
     <span class='ocr_line' id='line_1_3' title="bbox 134 309 874 379; baseline -0.003 -14"><span class='ocrx_word' id='word_1_13' title='bbox 134 311 306 378; x_wconf 58' lang='lat' dir='ltr'><strong>Oenopioni.</strong></span> <span class='ocrx_word' id='word_1_14' title='bbox 326 309 874 379; x_wconf 80' lang='lat' dir='ltr'><strong>Tempusquesuit‚quonaritlnundrs‚</strong></span> 
     </span>
     <span class='ocr_line' id='line_1_4' title="bbox 132 380 845 449; baseline -0.004 -14"><span class='ocrx_word' id='word_1_15' title='bbox 132 380 437 449; x_wconf 75' lang='lat' dir='ltr'><strong>Nuncsedetortygie.</strong></span> <span class='ocrx_word' id='word_1_16' title='bbox 457 381 564 433; x_wconf 88' lang='lat' dir='ltr'><strong>Timuit</strong></span> <span class='ocrx_word' id='word_1_17' title='bbox 573 381 845 449; x_wconf 76' lang='lat' dir='ltr'><strong>concursibushrgo</strong></span> 
     </span>
     <span class='ocr_line' id='line_1_5' title="bbox 132 448 776 518; baseline -0.003 -14"><span class='ocrx_word' id='word_1_18' title='bbox 132 450 280 504; x_wconf 83' lang='lat' dir='ltr'><strong>Vndarum</strong></span> <span class='ocrx_word' id='word_1_19' title='bbox 290 464 400 518; x_wconf 75' lang='lat' dir='ltr'><strong>spamae</strong></span> <span class='ocrx_word' id='word_1_20' title='bbox 411 448 612 518; x_wconf 76' lang='lat' dir='ltr'><strong>Symplegadas</strong></span> <span class='ocrx_word' id='word_1_21' title='bbox 622 448 776 516; x_wconf 80' lang='lat' dir='ltr'><strong>elisarum3</strong></span> 
     </span>
     <span class='ocr_line' id='line_1_6' title="bbox 133 520 887 589; baseline 0.003 -18"><span class='ocrx_word' id='word_1_22' title='bbox 133 521 213 583; x_wconf 77' lang='lat' dir='ltr'><strong>Quae</strong></span> <span class='ocrx_word' id='word_1_23' title='bbox 222 535 299 572; x_wconf 89' lang='lat' dir='ltr'><strong>nunc</strong></span> <span class='ocrx_word' id='word_1_24' title='bbox 308 521 442 572; x_wconf 85' lang='lat' dir='ltr'><strong>immotae</strong></span> <span class='ocrx_word' id='word_1_25' title='bbox 452 523 590 587; x_wconf 79' lang='lat' dir='ltr'><strong>perstent,</strong></span> <span class='ocrx_word' id='word_1_26' title='bbox 600 520 749 589; x_wconf 71' lang='lat' dir='ltr'><strong>venusque</strong></span> <span class='ocrx_word' id='word_1_27' title='bbox 761 521 887 573; x_wconf 79' lang='lat' dir='ltr'><strong>resistant</strong></span> 
     </span>
    </p>

    <p class='ocr_par' dir='ltr' id='par_1_3' title="bbox 72 588 887 729">
     <span class='ocr_line' id='line_1_7' title="bbox 72 588 815 658; baseline -0.004 -12"><span class='ocrx_word' id='word_1_28' title='bbox 72 591 124 646; x_wconf 72' lang='lat'><strong>540</strong></span> <span class='ocrx_word' id='word_1_29' title='bbox 133 589 205 654; x_wconf 83' lang='lat' dir='ltr'><strong>Nec,</strong></span> <span class='ocrx_word' id='word_1_30' title='bbox 217 604 289 658; x_wconf 88' lang='lat' dir='ltr'><strong>quac</strong></span> <span class='ocrx_word' id='word_1_31' title='bbox 299 588 432 642; x_wconf 70' lang='lat' dir='ltr'>sulfureis</span> <span class='ocrx_word' id='word_1_32' title='bbox 442 589 525 642; x_wconf 85' lang='lat' dir='ltr'><strong>ardet</strong></span> <span class='ocrx_word' id='word_1_33' title='bbox 534 588 712 653; x_wconf 81' lang='lat' dir='ltr'><strong>fornacibus,</strong></span> <span class='ocrx_word' id='word_1_34' title='bbox 721 593 815 644; x_wconf 75' lang='lat' dir='ltr'><strong>,letne</strong></span> 
     </span>
     <span class='ocr_line' id='line_1_8' title="bbox 134 658 887 729; baseline -0.003 -16"><span class='ocrx_word' id='word_1_35' title='bbox 134 661 147 713; x_wconf 93' lang='lat' dir='ltr'><strong>l</strong></span> <span class='ocrx_word' id='word_1_36' title='bbox 187 674 340 727; x_wconf 80' lang='lat' dir='ltr'><strong>easemper</strong></span> <span class='ocrx_word' id='word_1_37' title='bbox 350 660 417 715; x_wconf 79' lang='lat' dir='ltr'><strong>erit:</strong></span> <span class='ocrx_word' id='word_1_38' title='bbox 433 660 608 727; x_wconf 85' lang='lat' dir='ltr'><strong>nequeenim</strong></span> <span class='ocrx_word' id='word_1_39' title='bbox 619 658 772 728; x_wconf 73' lang='lat' dir='ltr'><strong>faltignea</strong></span> <span class='ocrx_word' id='word_1_40' title='bbox 785 666 887 729; x_wconf 56' lang='lat' dir='ltr'><strong>sempe</strong></span> 
     </span>
    </p>

    <p class='ocr_par' dir='ltr' id='par_1_4' title="bbox 161 728 853 798">
     <span class='ocr_line' id='line_1_9' title="bbox 161 728 853 798; baseline 0.001 -16"><span class='ocrx_word' id='word_1_41' title='bbox 161 745 206 782; x_wconf 87' lang='lat' dir='ltr'><strong>am</strong></span> <span class='ocrx_word' id='word_1_42' title='bbox 215 731 274 783; x_wconf 82' lang='lat' dir='ltr'><strong>sire</strong></span> <span class='ocrx_word' id='word_1_43' title='bbox 284 733 329 781; x_wconf 86' lang='lat' dir='ltr'><strong>est</strong></span> <span class='ocrx_word' id='word_1_44' title='bbox 338 728 444 781; x_wconf 86' lang='lat' dir='ltr'><strong>animal</strong></span> <span class='ocrx_word' id='word_1_45' title='bbox 455 728 567 792; x_wconf 83' lang='lat' dir='ltr'><strong>Tellus,</strong></span> <span class='ocrx_word' id='word_1_46' title='bbox 577 733 607 781; x_wconf 85' lang='lat' dir='ltr'><strong>et</strong></span> <span class='ocrx_word' id='word_1_47' title='bbox 615 729 698 792; x_wconf 84' lang='lat' dir='ltr'><strong>ririt,</strong></span> <span class='ocrx_word' id='word_1_48' title='bbox 710 729 853 798; x_wconf 73' lang='lat' dir='ltr'><strong>habetque</strong></span> 
     </span>
    </p>

    <p class='ocr_par' dir='ltr' id='par_1_5' title="bbox 134 796 846 938">
     <span class='ocr_line' id='line_1_10' title="bbox 134 796 846 867; baseline 0.001 -16"><span class='ocrx_word' id='word_1_49' title='bbox 134 797 324 867; x_wconf 68' lang='lat' dir='ltr'><strong>spiramenta,</strong></span> <span class='ocrx_word' id='word_1_50' title='bbox 334 797 405 850; x_wconf 86' lang='lat' dir='ltr'><strong>locis</strong></span> <span class='ocrx_word' id='word_1_51' title='bbox 414 796 554 850; x_wconf 80' lang='lat' dir='ltr'><strong>dammam</strong></span> <span class='ocrx_word' id='word_1_52' title='bbox 564 797 730 851; x_wconf 74' lang='lat' dir='ltr'><strong>exhalantia</strong></span> <span class='ocrx_word' id='word_1_53' title='bbox 739 798 846 863; x_wconf 83' lang='lat' dir='ltr'><strong>multis,</strong></span> 
     </span>
     <span class='ocr_line' id='line_1_11' title="bbox 134 866 796 938; baseline 0.003 -19"><span class='ocrx_word' id='word_1_54' title='bbox 134 866 265 934; x_wconf 66' lang='lat' dir='ltr'><strong>spirandi</strong></span> <span class='ocrx_word' id='word_1_55' title='bbox 276 872 385 921; x_wconf 86' lang='lat' dir='ltr'><strong>mutare</strong></span> <span class='ocrx_word' id='word_1_56' title='bbox 395 869 468 932; x_wconf 76' lang='lat' dir='ltr'><strong>vias,</strong></span> <span class='ocrx_word' id='word_1_57' title='bbox 478 871 642 938; x_wconf 75' lang='lat' dir='ltr'><strong>quotiesque</strong></span> <span class='ocrx_word' id='word_1_58' title='bbox 653 874 796 934; x_wconf 85' lang='lat' dir='ltr'><strong>moretur,</strong></span> 
     </span>
    </p>

    <p class='ocr_par' dir='ltr' id='par_1_6' title="bbox 75 936 887 1284">
     <span class='ocr_line' id='line_1_12' title="bbox 75 936 760 1019; baseline 0.001 -30"><span class='ocrx_word' id='word_1_59' title='bbox 75 940 126 996; x_wconf 60' lang='grc' dir='ltr'><strong>διὸ</strong></span> <span class='ocrx_word' id='word_1_60' title='bbox 134 936 195 989; x_wconf 80' lang='lat' dir='ltr'><strong>lias</strong></span> <span class='ocrx_word' id='word_1_61' title='bbox 206 938 287 990; x_wconf 86' lang='lat' dir='ltr'><strong>linire</strong></span> <span class='ocrx_word' id='word_1_62' title='bbox 297 942 403 1019; x_wconf 77' lang='lat' dir='ltr'><strong>potest,</strong></span> <span class='ocrx_word' id='word_1_63' title='bbox 413 936 478 989; x_wconf 85' lang='lat' dir='ltr'><strong>illas</strong></span> <span class='ocrx_word' id='word_1_64' title='bbox 487 939 597 1006; x_wconf 81' lang='lat' dir='ltr'><strong>aperire</strong></span> <span class='ocrx_word' id='word_1_65' title='bbox 607 952 760 990; x_wconf 75' lang='lat' dir='ltr'><strong>cavernas:</strong></span> 
     </span>
     <span class='ocr_line' id='line_1_13' title="bbox 135 1004 780 1073; baseline 0.003 -15"><span class='ocrx_word' id='word_1_66' title='bbox 135 1004 200 1059; x_wconf 77' lang='lat' dir='ltr'><strong>Sive</strong></span> <span class='ocrx_word' id='word_1_67' title='bbox 210 1005 285 1058; x_wconf 79' lang='lat' dir='ltr'><strong>leves</strong></span> <span class='ocrx_word' id='word_1_68' title='bbox 296 1008 358 1059; x_wconf 80' lang='lat' dir='ltr'><strong>imis</strong></span> <span class='ocrx_word' id='word_1_69' title='bbox 367 1008 444 1058; x_wconf 84' lang='lat' dir='ltr'><strong>venti</strong></span> <span class='ocrx_word' id='word_1_70' title='bbox 454 1007 620 1060; x_wconf 81' lang='lat' dir='ltr'><strong>cohibentur</strong></span> <span class='ocrx_word' id='word_1_71' title='bbox 629 1008 659 1060; x_wconf 89' lang='lat' dir='ltr'><strong>in</strong></span> <span class='ocrx_word' id='word_1_72' title='bbox 670 1009 780 1073; x_wconf 74' lang='lat' dir='ltr'><strong>antrir3</strong></span> 
     </span>
     <span class='ocr_line' id='line_1_14' title="bbox 135 1074 887 1144; baseline 0.001 -16"><span class='ocrx_word' id='word_1_73' title='bbox 135 1074 264 1144; x_wconf 79' lang='lat' dir='ltr'><strong>Saxaque</strong></span> <span class='ocrx_word' id='word_1_74' title='bbox 274 1091 337 1128; x_wconf 91' lang='lat' dir='ltr'><strong>cum</strong></span> <span class='ocrx_word' id='word_1_75' title='bbox 347 1077 437 1139; x_wconf 82' lang='lat' dir='ltr'><strong>saxis,</strong></span> <span class='ocrx_word' id='word_1_76' title='bbox 446 1083 475 1129; x_wconf 90' lang='lat' dir='ltr'><strong>ct</strong></span> <span class='ocrx_word' id='word_1_77' title='bbox 485 1075 633 1129; x_wconf 77' lang='lat' dir='ltr'><strong>habentem</strong></span> <span class='ocrx_word' id='word_1_78' title='bbox 642 1078 756 1130; x_wconf 84' lang='lat' dir='ltr'><strong>semina</strong></span> <span class='ocrx_word' id='word_1_79' title='bbox 766 1077 887 1131; x_wconf 78' lang='lat' dir='ltr'><strong>flammas</strong></span> 
     </span>
     <span class='ocr_line' id='line_1_15' title="bbox 134 1132 823 1215; baseline 0.004 -18"><span class='ocrx_word' id='word_1_80' title='bbox 134 1132 458 1208; x_wconf 61' lang='lat' dir='ltr'><strong>menisminorum</strong></span> <span class='ocrx_word' id='word_1_81' title='bbox 468 1146 589 1213; x_wconf 77' lang='lat' dir='ltr'><strong>concipit</strong></span> <span class='ocrx_word' id='word_1_82' title='bbox 598 1147 701 1198; x_wconf 87' lang='lat' dir='ltr'><strong>ictibus</strong></span> <span class='ocrx_word' id='word_1_83' title='bbox 710 1148 823 1215; x_wconf 69' lang='lat' dir='ltr'><strong>iguem</strong></span> 
     </span>
     <span class='ocr_line' id='line_1_16' title="bbox 136 1213 774 1284; baseline -0.002 -16"><span class='ocrx_word' id='word_1_84' title='bbox 136 1216 226 1268; x_wconf 77' lang='lat' dir='ltr'><strong>Antra</strong></span> <span class='ocrx_word' id='word_1_85' title='bbox 234 1213 429 1284; x_wconf 82' lang='lat' dir='ltr'><strong>relinquentur</strong></span> <span class='ocrx_word' id='word_1_86' title='bbox 438 1215 543 1267; x_wconf 86' lang='lat' dir='ltr'><strong>sedatis</strong></span> <span class='ocrx_word' id='word_1_87' title='bbox 553 1214 656 1283; x_wconf 82' lang='lat' dir='ltr'><strong>frigida</strong></span> <span class='ocrx_word' id='word_1_88' title='bbox 665 1216 774 1268; x_wconf 81' lang='lat' dir='ltr'><strong>ventis:</strong></span> 
     </span>
    </p>

    <p class='ocr_par' dir='ltr' id='par_1_7' title="bbox 77 1281 841 1546">
     <span class='ocr_line' id='line_1_17' title="bbox 77 1281 739 1350; baseline -0.003 -10"><span class='ocrx_word' id='word_1_89' title='bbox 77 1282 129 1340; x_wconf 74' lang='lat'><strong>350</strong></span> <span class='ocrx_word' id='word_1_90' title='bbox 139 1281 203 1337; x_wconf 77' lang='lat' dir='ltr'><strong>Sine</strong></span> <span class='ocrx_word' id='word_1_91' title='bbox 213 1284 384 1337; x_wconf 80' lang='lat' dir='ltr'><strong>bitumineae</strong></span> <span class='ocrx_word' id='word_1_92' title='bbox 393 1286 507 1350; x_wconf 85' lang='lat' dir='ltr'><strong>rapiunt</strong></span> <span class='ocrx_word' id='word_1_93' title='bbox 515 1285 644 1338; x_wconf 86' lang='lat' dir='ltr'><strong>incendia</strong></span> <span class='ocrx_word' id='word_1_94' title='bbox 654 1286 739 1350; x_wconf 80' lang='lat' dir='ltr'><strong>vires,</strong></span> 
     </span>
     <span class='ocr_line' id='line_1_18' title="bbox 137 1353 777 1423; baseline 0.002 -17"><span class='ocrx_word' id='word_1_95' title='bbox 137 1353 265 1406; x_wconf 83' lang='lat' dir='ltr'><strong>Luteare</strong></span> <span class='ocrx_word' id='word_1_96' title='bbox 276 1356 384 1423; x_wconf 76' lang='lat' dir='ltr'><strong>exiguis</strong></span> <span class='ocrx_word' id='word_1_97' title='bbox 394 1354 543 1412; x_wconf 86' lang='lat' dir='ltr'><strong>ardescunt</strong></span> <span class='ocrx_word' id='word_1_98' title='bbox 552 1354 665 1407; x_wconf 78' lang='lat' dir='ltr'><strong>sulfura</strong></span> <span class='ocrx_word' id='word_1_99' title='bbox 674 1354 777 1423; x_wconf 67' lang='lat' dir='ltr'><strong>iumisr</strong></span> 
     </span>
     <span class='ocr_line' id='line_1_19' title="bbox 138 1422 841 1546; baseline 0.003 -69"><span class='ocrx_word' id='word_1_100' title='bbox 138 1422 246 1492; x_wconf 74' lang='lat' dir='ltr'><strong>Nempe</strong></span> <span class='ocrx_word' id='word_1_101' title='bbox 260 1424 310 1478; x_wconf 89' lang='lat' dir='ltr'><strong>ubi</strong></span> <span class='ocrx_word' id='word_1_102' title='bbox 323 1431 401 1477; x_wconf 87' lang='lat' dir='ltr'><strong>terra</strong></span> <span class='ocrx_word' id='word_1_103' title='bbox 415 1424 505 1489; x_wconf 86' lang='lat' dir='ltr'><strong>cibos,</strong></span> <span class='ocrx_word' id='word_1_104' title='bbox 514 1424 708 1546; x_wconf 62' lang='lat' dir='ltr'><strong>‘aliquamque</strong></span> <span class='ocrx_word' id='word_1_105' title='bbox 723 1426 841 1495; x_wconf 73' lang='lat' dir='ltr'><strong>plagius</strong></span> 
     </span>
    </p>

    <p class='ocr_par' dir='ltr' id='par_1_8' title="bbox 577 1509 687 1547">
     <span class='ocr_line' id='line_1_20' title="bbox 577 1509 687 1547; baseline 0.018 -2"><span class='ocrx_word' id='word_1_106' title='bbox 577 1509 687 1547; x_wconf 85' lang='lat' dir='ltr'><strong>ammae</strong></span> 
     </span>
    </p>

    <p class='ocr_par' dir='ltr' id='par_1_9' title="bbox 137 1559 868 1700">
     <span class='ocr_line' id='line_1_21' title="bbox 137 1559 868 1632; baseline 0.001 -17"><span class='ocrx_word' id='word_1_107' title='bbox 137 1559 202 1615; x_wconf 85' lang='lat' dir='ltr'><strong>Nou</strong></span> <span class='ocrx_word' id='word_1_108' title='bbox 211 1561 304 1625; x_wconf 82' lang='lat' dir='ltr'><strong>dabit,</strong></span> <span class='ocrx_word' id='word_1_109' title='bbox 313 1561 449 1614; x_wconf 87' lang='lat' dir='ltr'><strong>absumtis</strong></span> <span class='ocrx_word' id='word_1_110' title='bbox 459 1562 635 1632; x_wconf 81' lang='lat' dir='ltr'><strong>perlongum</strong></span> <span class='ocrx_word' id='word_1_111' title='bbox 646 1564 868 1628; x_wconf 68' lang='lat' dir='ltr'><strong>utrumnam,</strong></span> 
     </span>
     <span class='ocr_line' id='line_1_22' title="bbox 139 1630 771 1700; baseline 0.002 -16"><span class='ocrx_word' id='word_1_112' title='bbox 139 1630 320 1699; x_wconf 85' lang='lat' dir='ltr'><strong>Noturaeque</strong></span> <span class='ocrx_word' id='word_1_113' title='bbox 330 1647 411 1683; x_wconf 86' lang='lat' dir='ltr'><strong>suum</strong></span> <span class='ocrx_word' id='word_1_114' title='bbox 423 1635 564 1685; x_wconf 82' lang='lat' dir='ltr'><strong>nutrimen</strong></span> <span class='ocrx_word' id='word_1_115' title='bbox 575 1632 666 1685; x_wconf 86' lang='lat' dir='ltr'><strong>deerit</strong></span> <span class='ocrx_word' id='word_1_116' title='bbox 675 1633 771 1700; x_wconf 81' lang='lat' dir='ltr'><strong>edari3</strong></span> 
     </span>
    </p>

    <p class='ocr_par' dir='ltr' id='par_1_10' title="bbox 78 1699 869 2050">
     <span class='ocr_line' id='line_1_23' title="bbox 78 1699 865 1771; baseline 0.003 -17"><span class='ocrx_word' id='word_1_117' title='bbox 78 1700 130 1755; x_wconf 73' lang='lat'><strong>35⁵</strong></span> <span class='ocrx_word' id='word_1_118' title='bbox 139 1700 201 1754; x_wconf 90' lang='lat' dir='ltr'><strong>Non</strong></span> <span class='ocrx_word' id='word_1_119' title='bbox 212 1699 286 1752; x_wconf 83' lang='lat' dir='ltr'><strong>feret</strong></span> <span class='ocrx_word' id='word_1_120' title='bbox 295 1701 346 1752; x_wconf 88' lang='lat' dir='ltr'><strong>illa</strong></span> <span class='ocrx_word' id='word_1_121' title='bbox 355 1700 470 1765; x_wconf 76' lang='lat' dir='ltr'><strong>saniem,</strong></span> <span class='ocrx_word' id='word_1_122' title='bbox 482 1702 647 1770; x_wconf 79' lang='lat' dir='ltr'><strong>desertaque</strong></span> <span class='ocrx_word' id='word_1_123' title='bbox 658 1702 774 1756; x_wconf 81' lang='lat' dir='ltr'><strong>deseret</strong></span> <span class='ocrx_word' id='word_1_124' title='bbox 783 1705 865 1771; x_wconf 79' lang='lat' dir='ltr'><strong>ignes.</strong></span> 
     </span>
     <span class='ocr_line' id='line_1_24' title="bbox 138 1769 806 1838; baseline -0.001 -15"><span class='ocrx_word' id='word_1_125' title='bbox 138 1772 207 1823; x_wconf 82' lang='lat' dir='ltr'><strong>Esse</strong></span> <span class='ocrx_word' id='word_1_126' title='bbox 218 1769 292 1821; x_wconf 84' lang='lat' dir='ltr'><strong>viros</strong></span> <span class='ocrx_word' id='word_1_127' title='bbox 303 1769 378 1822; x_wconf 79' lang='lat' dir='ltr'><strong>lama</strong></span> <span class='ocrx_word' id='word_1_128' title='bbox 387 1778 431 1823; x_wconf 86' lang='lat' dir='ltr'><strong>est</strong></span> <span class='ocrx_word' id='word_1_129' title='bbox 440 1773 469 1822; x_wconf 91' lang='lat' dir='ltr'><strong>in</strong></span> <span class='ocrx_word' id='word_1_130' title='bbox 480 1772 666 1838; x_wconf 84' lang='lat' dir='ltr'><strong>Hyperborea</strong></span> <span class='ocrx_word' id='word_1_131' title='bbox 677 1771 806 1826; x_wconf 83' lang='lat' dir='ltr'><strong>Pallene:</strong></span> 
     </span>
     <span class='ocr_line' id='line_1_25' title="bbox 139 1839 787 1910; baseline 0.003 -19"><span class='ocrx_word' id='word_1_132' title='bbox 139 1840 193 1904; x_wconf 67' lang='lat' dir='ltr'><strong>Qui</strong></span> <span class='ocrx_word' id='word_1_133' title='bbox 204 1839 315 1891; x_wconf 87' lang='lat' dir='ltr'><strong>soleant</strong></span> <span class='ocrx_word' id='word_1_134' title='bbox 326 1840 432 1892; x_wconf 85' lang='lat' dir='ltr'><strong>levibus</strong></span> <span class='ocrx_word' id='word_1_135' title='bbox 441 1841 530 1893; x_wconf 80' lang='lat' dir='ltr'><strong>velari</strong></span> <span class='ocrx_word' id='word_1_136' title='bbox 541 1856 658 1910; x_wconf 78' lang='lat' dir='ltr'><strong>corpora</strong></span> <span class='ocrx_word' id='word_1_137' title='bbox 670 1841 787 1908; x_wconf 82' lang='lat' dir='ltr'><strong>plumis;</strong></span> 
     </span>
     <span class='ocr_line' id='line_1_26' title="bbox 140 1910 793 1978; baseline 0.003 -17"><span class='ocrx_word' id='word_1_138' title='bbox 140 1911 210 1961; x_wconf 81' lang='lat' dir='ltr'><strong>Cum</strong></span> <span class='ocrx_word' id='word_1_139' title='bbox 219 1910 411 1968; x_wconf 77' lang='lat' dir='ltr'><strong>Tritoniacam</strong></span> <span class='ocrx_word' id='word_1_140' title='bbox 422 1913 518 1964; x_wconf 77' lang='lat' dir='ltr'><strong>novies</strong></span> <span class='ocrx_word' id='word_1_141' title='bbox 528 1912 639 1963; x_wconf 87' lang='lat' dir='ltr'><strong>subiere</strong></span> <span class='ocrx_word' id='word_1_142' title='bbox 650 1911 793 1978; x_wconf 82' lang='lat' dir='ltr'><strong>paludem.</strong></span> 
     </span>
     <span class='ocr_line' id='line_1_27' title="bbox 138 1979 869 2050; baseline -0.003 -17"><span class='ocrx_word' id='word_1_143' title='bbox 138 1979 224 2033; x_wconf 82' lang='lat' dir='ltr'><strong>Haud</strong></span> <span class='ocrx_word' id='word_1_144' title='bbox 238 1980 366 2048; x_wconf 83' lang='lat' dir='ltr'><strong>equidem</strong></span> <span class='ocrx_word' id='word_1_145' title='bbox 380 1980 477 2041; x_wconf 87' lang='lat' dir='ltr'><strong>credo,</strong></span> <span class='ocrx_word' id='word_1_146' title='bbox 494 1995 608 2048; x_wconf 80' lang='lat' dir='ltr'><strong>sparsae</strong></span> <span class='ocrx_word' id='word_1_147' title='bbox 622 1992 735 2050; x_wconf 85' lang='lat' dir='ltr'><strong>quoque</strong></span> <span class='ocrx_word' id='word_1_148' title='bbox 750 1981 869 2034; x_wconf 85' lang='lat' dir='ltr'><strong>membra</strong></span> 
     </span>
    </p>

    <p class='ocr_par' dir='ltr' id='par_1_11' title="bbox 557 2067 664 2104">
     <span class='ocr_line' id='line_1_28' title="bbox 557 2067 664 2104; baseline 0.019 -2"><span class='ocrx_word' id='word_1_149' title='bbox 557 2067 664 2104; x_wconf 79' lang='lat' dir='ltr'><strong>renero</strong></span> 
     </span>
    </p>

    <p class='ocr_par' dir='ltr' id='par_1_12' title="bbox 79 2117 856 2464">
     <span class='ocr_line' id='line_1_29' title="bbox 79 2117 856 2189; baseline -0.001 -19"><span class='ocrx_word' id='word_1_150' title='bbox 79 2118 130 2170; x_wconf 72' lang='lat'><strong>560</strong></span> <span class='ocrx_word' id='word_1_151' title='bbox 140 2122 279 2173; x_wconf 78' lang='lat' dir='ltr'><strong>lixercarc</strong></span> <span class='ocrx_word' id='word_1_152' title='bbox 289 2124 365 2172; x_wconf 83' lang='lat' dir='ltr'><strong>artos</strong></span> <span class='ocrx_word' id='word_1_153' title='bbox 375 2117 524 2189; x_wconf 76' lang='lat' dir='ltr'><strong>Scythides</strong></span> <span class='ocrx_word' id='word_1_154' title='bbox 534 2128 727 2172; x_wconf 83' lang='lat' dir='ltr'><strong>memorantur</strong></span> <span class='ocrx_word' id='word_1_155' title='bbox 737 2120 856 2172; x_wconf 84' lang='lat' dir='ltr'><strong>easdem.</strong></span> 
     </span>
     <span class='ocr_line' id='line_1_30' title="bbox 139 2189 851 2259; baseline -0.001 -17"><span class='ocrx_word' id='word_1_156' title='bbox 139 2189 170 2242; x_wconf 84' lang='lat' dir='ltr'><strong>Si</strong></span> <span class='ocrx_word' id='word_1_157' title='bbox 181 2205 237 2259; x_wconf 88' lang='lat' dir='ltr'><strong>qua</strong></span> <span class='ocrx_word' id='word_1_158' title='bbox 245 2189 315 2240; x_wconf 83' lang='lat' dir='ltr'><strong>fides</strong></span> <span class='ocrx_word' id='word_1_159' title='bbox 327 2190 410 2242; x_wconf 82' lang='lat' dir='ltr'><strong>rebus</strong></span> <span class='ocrx_word' id='word_1_160' title='bbox 421 2196 514 2241; x_wconf 87' lang='lat' dir='ltr'><strong>tamen</strong></span> <span class='ocrx_word' id='word_1_161' title='bbox 525 2195 568 2241; x_wconf 85' lang='lat' dir='ltr'><strong>est</strong></span> <span class='ocrx_word' id='word_1_162' title='bbox 578 2189 707 2241; x_wconf 90' lang='lat' dir='ltr'><strong>addenda</strong></span> <span class='ocrx_word' id='word_1_163' title='bbox 718 2191 851 2256; x_wconf 79' lang='lat' dir='ltr'><strong>probatis,</strong></span> 
     </span>
     <span class='ocr_line' id='line_1_31' title="bbox 139 2258 854 2327; baseline 0.001 -17"><span class='ocrx_word' id='word_1_164' title='bbox 139 2258 239 2311; x_wconf 82' lang='lat' dir='ltr'><strong>Nonne</strong></span> <span class='ocrx_word' id='word_1_165' title='bbox 249 2259 340 2321; x_wconf 82' lang='lat' dir='ltr'><strong>rides,</strong></span> <span class='ocrx_word' id='word_1_166' title='bbox 349 2273 531 2327; x_wconf 86' lang='lat' dir='ltr'><strong>quaecunque</strong></span> <span class='ocrx_word' id='word_1_167' title='bbox 542 2274 620 2316; x_wconf 78' lang='lat' dir='ltr'><strong>mora</strong></span> <span class='ocrx_word' id='word_1_168' title='bbox 631 2258 753 2310; x_wconf 83' lang='lat' dir='ltr'><strong>iluidore</strong></span> <span class='ocrx_word' id='word_1_169' title='bbox 764 2259 854 2311; x_wconf 83' lang='lat' dir='ltr'><strong>calore</strong></span> 
     </span>
     <span class='ocr_line' id='line_1_32' title="bbox 140 2327 811 2394; baseline 0.004 -17"><span class='ocrx_word' id='word_1_170' title='bbox 140 2327 267 2394; x_wconf 76' lang='lat' dir='ltr'><strong>corpure</strong></span> <span class='ocrx_word' id='word_1_171' title='bbox 276 2329 432 2390; x_wconf 84' lang='lat' dir='ltr'><strong>tabuerint,</strong></span> <span class='ocrx_word' id='word_1_172' title='bbox 442 2328 469 2378; x_wconf 91' lang='lat' dir='ltr'><strong>in</strong></span> <span class='ocrx_word' id='word_1_173' title='bbox 481 2343 569 2394; x_wconf 79' lang='lat' dir='ltr'><strong>parra</strong></span> <span class='ocrx_word' id='word_1_174' title='bbox 578 2328 711 2380; x_wconf 85' lang='lat' dir='ltr'><strong>animalia</strong></span> <span class='ocrx_word' id='word_1_175' title='bbox 720 2328 811 2380; x_wconf 77' lang='lat' dir='ltr'><strong>verti!</strong></span> 
     </span>
     <span class='ocr_line' id='line_1_33' title="bbox 139 2396 790 2464; baseline 0.005 -17"><span class='ocrx_word' id='word_1_176' title='bbox 139 2396 152 2447; x_wconf 92' lang='lat' dir='ltr'><strong>l</strong></span> <span class='ocrx_word' id='word_1_177' title='bbox 163 2411 286 2464; x_wconf 85' lang='lat' dir='ltr'><strong>quoque,</strong></span> <span class='ocrx_word' id='word_1_178' title='bbox 296 2396 421 2449; x_wconf 83' lang='lat' dir='ltr'><strong>delectos</strong></span> <span class='ocrx_word' id='word_1_179' title='bbox 433 2403 572 2449; x_wconf 83' lang='lat' dir='ltr'><strong>mactatos</strong></span> <span class='ocrx_word' id='word_1_180' title='bbox 582 2398 669 2451; x_wconf 86' lang='lat' dir='ltr'><strong>obrue</strong></span> <span class='ocrx_word' id='word_1_181' title='bbox 677 2404 790 2463; x_wconf 82' lang='lat' dir='ltr'><strong>tauros3</strong></span> 
     </span>
    </p>

    <p class='ocr_par' dir='ltr' id='par_1_13' title="bbox 79 2461 887 2748">
     <span class='ocr_line' id='line_1_34' title="bbox 79 2461 752 2535; baseline 0.004 -20"><span class='ocrx_word' id='word_1_182' title='bbox 79 2461 130 2516; x_wconf 71' lang='lat'><strong>365</strong></span> <span class='ocrx_word' id='word_1_183' title='bbox 141 2464 313 2532; x_wconf 73' lang='lat' dir='ltr'><strong>cognitores</strong></span> <span class='ocrx_word' id='word_1_184' title='bbox 324 2480 389 2524; x_wconf 78' lang='lat' dir='ltr'><strong>risu.</strong></span> <span class='ocrx_word' id='word_1_185' title='bbox 399 2466 434 2518; x_wconf 85' lang='lat' dir='ltr'><strong>de</strong></span> <span class='ocrx_word' id='word_1_186' title='bbox 446 2469 521 2534; x_wconf 81' lang='lat' dir='ltr'><strong>putri</strong></span> <span class='ocrx_word' id='word_1_187' title='bbox 531 2469 636 2520; x_wconf 84' lang='lat' dir='ltr'><strong>viscere</strong></span> <span class='ocrx_word' id='word_1_188' title='bbox 647 2469 752 2535; x_wconf 84' lang='lat' dir='ltr'><strong>passim</strong></span> 
     </span>
     <span class='ocr_line' id='line_1_35' title="bbox 140 2534 879 2606; baseline -0.001 -19"><span class='ocrx_word' id='word_1_189' title='bbox 140 2534 299 2600; x_wconf 81' lang='lat' dir='ltr'><strong>Florilegae</strong></span> <span class='ocrx_word' id='word_1_190' title='bbox 310 2542 464 2587; x_wconf 88' lang='lat' dir='ltr'><strong>nascuntur</strong></span> <span class='ocrx_word' id='word_1_191' title='bbox 473 2552 555 2604; x_wconf 84' lang='lat' dir='ltr'><strong>apes,</strong></span> <span class='ocrx_word' id='word_1_192' title='bbox 565 2553 636 2606; x_wconf 84' lang='lat' dir='ltr'><strong>quae</strong></span> <span class='ocrx_word' id='word_1_193' title='bbox 646 2553 725 2590; x_wconf 90' lang='lat' dir='ltr'><strong>more</strong></span> <span class='ocrx_word' id='word_1_194' title='bbox 735 2541 879 2604; x_wconf 81' lang='lat' dir='ltr'><strong>parentum</strong></span> 
     </span>
     <span class='ocr_line' id='line_1_36' title="bbox 141 2601 887 2675; baseline 0.005 -21"><span class='ocrx_word' id='word_1_195' title='bbox 141 2604 219 2655; x_wconf 80' lang='lat' dir='ltr'><strong>itura</strong></span> <span class='ocrx_word' id='word_1_196' title='bbox 228 2601 334 2666; x_wconf 82' lang='lat' dir='ltr'><strong>colunt,</strong></span> <span class='ocrx_word' id='word_1_197' title='bbox 344 2607 477 2673; x_wconf 81' lang='lat' dir='ltr'><strong>operique</strong></span> <span class='ocrx_word' id='word_1_198' title='bbox 484 2606 761 2675; x_wconf 64' lang='lat' dir='ltr'><strong>faventinspcmque</strong></span> <span class='ocrx_word' id='word_1_199' title='bbox 768 2608 887 2660; x_wconf 79' lang='lat' dir='ltr'><strong>laborant</strong></span> 
     </span>
     <span class='ocr_line' id='line_1_37' title="bbox 141 2671 884 2748; baseline 0.008 -24"><span class='ocrx_word' id='word_1_200' title='bbox 141 2671 258 2725; x_wconf 78' lang='lat' dir='ltr'><strong>Pressas</strong></span> <span class='ocrx_word' id='word_1_201' title='bbox 267 2671 351 2726; x_wconf 81' lang='lat' dir='ltr'><strong>bunia</strong></span> <span class='ocrx_word' id='word_1_202' title='bbox 362 2674 485 2731; x_wconf 82' lang='lat' dir='ltr'><strong>bellator</strong></span> <span class='ocrx_word' id='word_1_203' title='bbox 494 2692 584 2747; x_wconf 86' lang='lat' dir='ltr'><strong>equus</strong></span> <span class='ocrx_word' id='word_1_204' title='bbox 594 2678 738 2734; x_wconf 81' lang='lat' dir='ltr'><strong>crabronis</strong></span> <span class='ocrx_word' id='word_1_205' title='bbox 748 2678 829 2748; x_wconf 72' lang='lat' dir='ltr'><strong>origo</strong></span> <span class='ocrx_word' id='word_1_206' title='bbox 838 2681 884 2730; x_wconf 83' lang='lat' dir='ltr'><strong>est·</strong></span> 
     </span>
    </p>
   </div>
   <div class='ocr_carea' id='block_1_3' title="bbox 0 0 978 3016">
    <p class='ocr_par' dir='ltr' id='par_1_14' title="bbox 0 0 978 3016">
     <span class='ocr_line' id='line_1_38' title="bbox 0 0 978 3016; baseline 0 0"><span class='ocrx_word' id='word_1_207' title='bbox 0 0 978 3016; x_wconf 95' lang='lat' dir='ltr'><strong> </strong></span> 
     </span>
    </p>
   </div>
  </div>
 </body>
</html>
