1926 3016
181 150 234 201 270
363 146 393 198 Ρ.
411 143 552 198 ovum
569 142 755 197 NASONIS

183 248 304 305 Candida
314 248 402 300 cauda
411 253 517 299 tamem
534 246 911 366 eolonrleotquoqnearorrtns

617 317 676 367 bna

180 387 287 440 Multae
296 386 375 436 illum
385 386 491 452 potiore
499 398 551 435 aua
560 384 594 437 de
603 389 698 502 qent03
714 384 765 437 aeri
776 400 832 437 nna

120 459 168 511 ⁴05
179 456 299 508 Abstulit
309 454 480 523 Hylonomet
496 467 550 522 qua
559 453 607 503 nul
620 468 637 503 a
647 452 792 506 decentior
801 455 873 506 inter
943 489 961 507 ,-

179 524 330 576 Semiferos
342 520 757 573 nltirhabitaritt'eminusilvio.
940 530 962 575 ii

179 595 258 645 Haeo
268 598 297 644 et
305 592 460 653 blanditiis,
469 596 499 642 et
509 591 639 651 amando,
650 595 679 640 et
688 604 784 643 amara
795 591 901 643 tatenm
940 594 955 643 ³.

182 662 313 728 Cyllaron
323 675 378 711 una
388 662 472 710 tanat
484 658 582 710 cnltus
593 671 701 726 quoque
712 664 835 726 quantus
844 661 871 710 in
879 659 922 709 illia
944 664 950 671 ·

181 732 249 781 ane
259 734 350 796 potest
359 729 502 791 membria3
515 731 547 778 ut
556 727 682 778 uit'o'oma
691 730 805 795 pertine
815 729 892 779 levis:
944 732 962 779 ὲ.

122 800 172 851 (κιο
183 800 222 851 Vt
231 798 312 849 modo
322 811 387 849 rore
397 795 586 860 maria,modo
595 795 867 860 seriolave,rorave
944 804 953 850 ἰ

182 866 317 934 implicet:
333 866 472 918 interdum
483 865 609 916 canentia
619 863 680 914 lilia
689 870 794 932 gestet:

181 937 284 1002 Bisque
294 935 339 987 die
348 935 434 1001 lapsis
445 935 602 1001 Pagasaeae
612 935 718 985 vertice
727 935 817 987 silvae
945 974 960 987 n

180 1005 315 1056 Fontibus
326 1017 375 1053 ora
386 1002 471 1064 lavet,
480 1003 522 1053 bis
532 1000 645 1054 flumine
655 1016 775 1069 corpora
783 1005 880 1073 tingat.
947 1014 962 1057 ¹.

181 1073 251 1136 Neo,
262 1073 314 1123 nial
325 1086 395 1139 quaa
407 1072 534 1132 deceant,
545 1069 753 1139 electarumque
763 1071 891 1133 ferarum,
962 1100 963 1122 r

122 1143 171 1195 415
182 1145 235 1194 Aut
244 1139 372 1202 humero,
383 1146 432 1191 eut
442 1140 524 1192 lateri
534 1139 699 1205 praetendat
708 1140 816 1193 vallare
825 1141 908 1193 laero-
953 1152 962 1175 ·-

182 1211 236 1262 Par
247 1224 324 1261 antor
335 1210 456 1262 estillio:
472 1210 606 1260 errantia
615 1209 755 1260 montibus
764 1224 833 1266 nna:
956 1256 960 1261 .

180 1282 268 1331 Antra
278 1279 360 1330 simul
370 1280 502 1340 subeunt,
513 1283 542 1328 et
550 1284 610 1328 tum
618 1276 768 1343 Lapitheia
775 1279 851 1330 tetta

182 1346 720 1413 intrarantpariter‚pariterl'orahelln
729 1349 870 1416 gerebant.
954 1366 959 1375 ·

182 1418 285 1468 Auctor
293 1418 322 1467 in
332 1419 439 1468 incerto
449 1421 503 1467 est:
519 1415 641 1466 iaculum
650 1415 777 1482 daparte
786 1418 894 1467 ainiutrn

122 1492 172 1534 420
181 1486 279 1547 Venit,
291 1491 320 1536 et
329 1485 458 1546 inferius,
468 1499 549 1551 quam
561 1484 635 1536 eollo
645 1490 762 1550 pectora
771 1486 895 1547 subsunt,
950 1522 953 1529 .

183 1553 308 1620 (tyllam,
319 1560 348 1604 te
357 1555 431 1603 lixit:
447 1567 533 1619 parvo
544 1566 593 1604 cor
600 1552 716 1606 uulnere
726 1552 834 1606 laeuum

183 1624 304 1687 Corpore
315 1637 376 1671 oum
386 1626 448 1672 toto
456 1627 521 1687 post
531 1623 588 1674 tela
598 1622 698 1674 educta
707 1623 827 1675 refrixit.

183 1692 310 1742 Protinus
321 1691 481 1757 Hylonome
491 1694 641 1744 morientes
652 1693 757 1759 exeipit
766 1699 859 1743 artus:

182 1760 367 1826 impositaque
378 1775 461 1810 manu
471 1761 570 1810 vulnus
581 1760 670 1824 fovet5
681 1775 788 1828 oraque
797 1762 833 1814 ad
844 1776 892 1814 orn

53 1860 65 1883 -,
124 1828 170 1879 425
181 1829 327 1890 Admovet,
338 1834 421 1896 atque
433 1832 539 1880 animae
551 1829 667 1896 fugienti
678 1832 816 1883 obsistere
826 1836 916 1883 tentat.

183 1899 220 1950 Vt
230 1897 304 1949 videt
314 1900 494 1961 exstinctum,
509 1899 601 1962 dictis,
613 1913 683 1966 quae
694 1898 803 1950 clamor
814 1901 850 1952 au
858 1912 932 1950 aures

182 1969 276 2019 Arcuit
286 1969 328 2018 ire
336 1984 426 2030 niens,
436 1969 507 2031 telo,
518 1969 592 2035 quod
602 1966 763 2021 inhaeserat
771 1968 824 2032 illi,

182 2037 319 2087 incubuit:
331 2039 504 2105 moriensque
515 2037 881 2102 auumcomplexamaritum
889 2043 932 2088 est

181 2107 251 2157 Ante
263 2104 357 2155 oeulos
368 2111 424 2156 stat
434 2113 464 2156 et
472 2106 521 2156 ille
530 2121 621 2168 meos,
633 2108 680 2172 qui
691 2121 759 2157 sena
770 2107 882 2158 leonum

122 2174 172 2224 430
182 2174 318 2226 Vinxerat
328 2175 400 2226 inter
410 2190 440 2226 se
449 2177 579 2226 connexis
588 2175 693 2226 vellera
703 2175 792 2236 nodis,

182 2241 382 2307 Phaeocomes,
397 2242 590 2312 hominemque
604 2243 687 2294 simul
700 2249 846 2310 protectus

594 2327 758 2380 equumque.

183 2379 283 2431 Codioe
293 2382 338 2447 qui
350 2381 445 2443 misem,
456 2396 538 2448 quem
548 2382 594 2432 vix
605 2383 670 2449 iuga
678 2382 744 2432 bina
755 2388 897 2434 moverent

181 2448 292 2511 iuncta,
303 2449 511 2502 Phonoleniden
522 2466 539 2500 a
549 2464 656 2500 nummo
667 2453 770 2503 vertice
781 2450 875 2519 tregit.

181 2516 283 2567 Fracta
293 2518 451 2570 volubilitas
461 2521 558 2585 capitio
569 2519 717 2570 latissima:
733 2535 839 2588 perque
850 2536 889 2582 oa,

124 2587 173 2638 435
185 2584 238 2635 Per
257 2600 292 2635 ue
304 2601 383 2638 oavaa
394 2603 483 2650 nares,
489 2587 646 2656 oculosque,
653 2603 790 2656 aureoque
797 2590 936 2640 cerebrum

183 2600 270 2704 Molle
280 2652 351 2705 ssuit:
368 2657 453 2709 veluti
464 2661 619 2709 concretum
630 2658 732 2709 vimina
742 2672 851 2724 querno
