1926 3016
128 143 550 201 METAMORPHOSEON
567 145 647 205 ΜΒ,
666 147 751 211 XIV.
774 148 825 203 ³2³

60 253 163 302 Acrota
173 253 240 300 sunt
248 248 348 316 geniti:
365 249 500 301 Remulus
511 251 649 302 maturior
660 253 739 304 annis

58 320 208 373 Fulmineo
219 319 316 386 periit,
327 319 453 371 imitator
464 319 602 383 fulminis,
612 322 679 373 ictu.

58 390 160 442 Fratre
170 403 222 440 suo
232 394 372 454 sceptrum
384 390 556 441 moderatior
566 392 669 443 Acrota
679 390 746 444 forti

58 459 161 512 Tradit
171 459 319 512 Aventino:
336 460 395 526 qui,
406 474 462 526 quo
473 464 620 527 regnarat,
630 460 729 513 eodem
835 463 885 513 62⁰

58 530 159 581 Monte
169 528 243 579 iacet
255 529 376 594 positus,
386 530 537 597 tribuitque
549 529 683 583 vocabula
693 532 790 582 monti.

57 601 173 666 lamque
184 597 328 650 Palatinae
338 613 473 653 sunrnram
485 599 574 653 Proca
583 599 675 668 gentis
685 597 814 653 habebat

58 669 136 736 Rege
147 667 199 720 sub
209 666 262 719 hoc
272 669 396 721 Pomona
406 669 472 724 fuit:
489 685 543 737 qua
555 669 633 722 nulla
642 669 760 722 Latinas

56 738 136 790 luter
145 736 362 806 Hamadryadas
373 739 460 791 coluit
469 740 611 793 sollertius
621 737 728 803 hortos,

57 807 117 860 Nee
128 805 183 858 fuit
192 807 303 859 arborei
313 808 466 861 studiosior
476 808 567 862 altera
576 809 683 862 fectus:
837 809 886 862 525

57 876 141 932 Vnde
151 881 230 933 tenet
239 892 349 930 nornen.
368 879 429 931 Nou
440 880 524 932 silvas
534 880 596 943 illa,
607 896 659 932 nec
669 894 781 944 amnes;

58 946 118 1000 Rus
130 952 219 1009 amat,
231 952 259 999 et
269 962 363 999 ramos
375 949 469 1001 felicia
479 966 563 1018 poma
573 948 705 1003 ferentes.

58 1016 117 1070 Nec
126 1016 219 1069 iaculo
229 1019 321 1085 gravis
332 1023 387 1082 est,
397 1020 447 1072 sed
458 1021 565 1072 adunca
575 1019 691 1072 dextera
701 1018 789 1073 falce:

59 1087 123 1149 Qua
134 1087 218 1138 niodo
230 1087 369 1141 luxuriem
382 1090 494 1154 promit,
505 1095 534 1142 ct
544 1091 696 1157 spatiantia
705 1090 806 1156 passim

58 1155 181 1209 Brachia
192 1159 353 1223 compescit:
370 1160 436 1209 lissa
446 1159 529 1210 modo
541 1160 644 1211 cortice
655 1159 760 1226 virgum
836 1156 886 1211 650

58 1227 177 1290 Inserit,
188 1231 218 1279 et
227 1241 326 1279 suecos
336 1228 429 1278 alieno
441 1233 566 1295 praestat
575 1227 697 1280 alumno.

61 1296 121 1350 Nec
130 1298 237 1363 petitur
248 1299 354 1349 sentire
364 1298 451 1347 sitim:
467 1298 633 1364 bibulaeque
642 1311 774 1351 recurras

60 1366 174 1418 deicis
184 1367 270 1419 fibras
281 1365 440 1419 labentibus
451 1369 549 1435 irrigat
560 1367 651 1418 undis.

60 1437 117 1491 llic
132 1451 224 1500 amor,
239 1432 294 1488 boc
308 1437 446 1501 studium3
462 1438 580 1559 Veneqiis
594 1451 705 1505 quoque
719 1435 797 1489 nulla

482 1523 516 1559 cu
537 1524 545 1556 1
567 1521 592 1558 o.

61 1576 129 1629 Vim
139 1578 234 1628 tamen
245 1581 388 1644 agrestum
400 1522 678 1644 inetuenlfflomaria
688 1575 796 1629 claudit
839 1574 889 1628 635

55 1645 155 1705 ,lntsrsc
170 1650 199 1697 ct
209 1660 336 1697 accessus
347 1645 487 1713 probibet,
497 1647 656 1716 refugitque
666 1647 770 1699 viriles.

63 1714 138 1778 Quid
148 1729 205 1767 non
215 1719 244 1768 et
254 1715 362 1783 Satyri,
372 1716 520 1769 saltatibus
531 1724 597 1784 apta
607 1718 743 1779 intentus,

61 1786 183 1847 Fecere,
193 1789 223 1836 ct
233 1786 298 1850 pinu
309 1788 461 1853 praecincti
472 1801 577 1841 cornua
587 1787 686 1850 Panes,

63 1854 260 1921 Silvanusque,
271 1857 328 1907 suis
339 1872 447 1923 semper
458 1856 603 1909 iuvenilior
614 1857 702 1918 annis,

63 1926 173 1993 Quique
184 1923 262 1976 Deus
272 1923 349 1977 fures
359 1926 405 1979 vel
415 1925 556 1988 falce,vel
566 1927 680 1991 inguine
690 1929 788 1986 terret,
841 1923 890 1974 640

61 1994 99 2046 Vt
109 1980 275 2061 poterentur
286 1993 337 2049 eal
351 1994 402 2047 sed
413 1996 487 2047 enim
498 1995 650 2061 superabat
660 1993 779 2060 aorqndo

62 2066 124 2118 llos
134 2079 246 2132 quoque
256 2064 439 2117 Vertumnus:
454 2081 506 2118 nec
516 2069 577 2117 erat
587 2062 698 2117 felicior
707 2061 773 2115 illia

63 2136 86 2191 0
97 2136 209 2202 quoties
219 2134 315 2187 habitu
327 2135 392 2187 duri
402 2136 532 2186 messoris
543 2135 644 2187 aristas

66 2206 157 2257 Corbe
169 2204 247 2268 tulit;
264 2207 378 2273 verique
389 2204 443 2258 fuit
453 2207 584 2257 messoris
594 2201 699 2273 imago!

63 2276 206 2341 Tempora
217 2289 302 2342 saepe
311 2291 412 2343 gerens
423 2274 506 2329 foeno
517 2276 637 2342 religata
646 2274 762 2338 recenti,
842 2274 890 2328 545

63 2344 217 2397 Descetum
226 2351 339 2413 poterat
348 2360 465 2414 gramen
477 2361 602 2401 versasse
613 2345 709 2397 videri.

64 2413 155 2481 Saepe
165 2430 252 2467 uranu
260 2417 389 2467 stimulos
400 2417 490 2484 rigida
500 2416 686 2482 portabat,ut
695 2414 776 2467 illum

63 2486 178 2536 lurares
190 2484 279 2538 fessos
290 2487 373 2538 niodo
384 2487 550 2538 disiunxisse
561 2487 699 2537 iuvencos.

65 2554 151 2606 Falce
163 2554 230 2607 data
240 2554 389 2609 frondator
400 2562 473 2621 erat,
483 2557 601 2623 vitisque
612 2559 735 2622 putator.

10 2630 20 2719 p
64 2623 199 2677 lnduerat
209 2624 462 2688 scalas‚lccturum
473 2642 556 2694 poma
566 2631 687 2691 putares.
843 2621 892 2676 tto

66 2693 152 2749 Miles.
161 2700 223 2751 erat
231 2696 342 2765 gladio,
350 2699 473 2764 piscator
484 2696 621 2751 arundine
621 2700 732 2816 1quinta,

298 2783 302 2790 ,
668 2781 696 2814 a

10 2834 13 2863 ι
189 2839 194 2848 ι
